@incollection{hce:32,
    author      = "William Brian Arthur",
    title       = "Out-of-equilibrium economics and agent-based modeling",
    booktitle   = "Handbook of Computational Economics",
    publisher   = "Elsevier",
    address     = "Amsterdam",
    year        = 2006,
    volume = 2,
    pages       = "1551-1564",
    chapter     = 32,
}

@inproceedings{gas,
    author = "Outkin, Alexander and Vargas, Vanessa and Kobos, Peter and Myerly, Melissa and Barter, Garrett",
    title = "An agent-based modeling approach to non-equilibrium dynamics of natural gas supply shock propagation",
    booktitle = "International Association of Energy Economists 2014 Conference",
    year = 2014,
    month = June,
}

@techreport{hal1,
    author = "Napoletano, Mauro and Gaffard, Jean-Luc and Babutsidze, Zakaria", 
    title = "Agent-based models: a new tool for economic and policy analysis",
    year = 2012,
    group = "HAL",
    number = "hal-01070338f"
}

@techreport{hal2,
    author = "Sharma, Dhruv", 
    title = "Macroeconomic agent-based models: a statistical physics perspective",
    year = 2020,
    group = "HAL",
    number = "tel-03199888f"
}

@incollection{agt:5,
    author = "Vazirani, Vijay V",
    title = "Combinatorial algorithms for market equilibria",
    booktitle = "Algorithmic Game Theory",
    publisher = "Cambridge University Press",
    address = "New York",
    year = 2007,
    pages = "22-26, 103-134",
    chapter = 5
}

@inproceedings{kakade,
    author="Kakade, Sham M.
    and Kearns, Michael
    and Ortiz, Luis E.",
    editor="Shawe-Taylor, John
    and Singer, Yoram",
    title="Graphical Economics",
    booktitle="Learning Theory",
    year="2004",
    publisher="Springer Berlin Heidelberg",
    address="Berlin, Heidelberg",
    pages="17-32",
    isbn="978-3-540-27819-1"
}

@misc{tagiew,
    title={Towards barter double auction as model for bilateral social cooperations}, 
    author={Rustam Tagiew},
    year={2009},
    eprint={0905.3709},
    archivePrefix={arXiv},
    primaryClass={cs.GT},
}

@article{mcafee,
    title = {A dominant strategy double auction},
    journal = {Journal of Economic Theory},
    volume = {56},
    number = {2},
    pages = {434-450},
    year = {1992},
    issn = {0022-0531},
    doi = {10.1016/0022-0531(92)90091-U},
    author = {R.Preston McAfee},
}

@article{babaioff-nisan,
    title={Concurrent Auctions Across The Supply Chain},
    volume={21},
    ISSN={1076-9757},
    DOI={10.1613/jair.1316},
    journal={Journal of Artificial Intelligence Research},
    publisher={AI Access Foundation},
    author={Babaioff, M. and Nisan, N.},
    year={2004},
    month={May},
    pages={595–629}
}

@article{babaioff-walsh,
    title = {Incentive-compatible, budget-balanced, yet highly efficient auctions for supply chain formation},
    journal = {Decision Support Systems},
    volume = {39},
    number = {1},
    pages = {123-149},
    year = {2005},
    note = {The Fourth ACM Conference on Electronic Commerce},
    issn = {0167-9236},
    doi = {10.1016/j.dss.2004.08.008},
    author = {Moshe Babaioff and William E. Walsh}
}

@article{myerson,
    title = {Efficient mechanisms for bilateral trading},
    journal = {Journal of Economic Theory},
    volume = {29},
    number = {2},
    pages = {265-281},
    year = {1983},
    issn = {0022-0531},
    doi = {10.1016/0022-0531(83)90048-0},
    author = {Roger B Myerson and Mark A Satterthwaite},
}

@article{rogers,
    title = {Bounded approximate decentralised coordination via the max-sum algorithm},
    journal = {Artificial Intelligence},
    volume = {175},
    number = {2},
    pages = {730-759},
    year = {2011},
    issn = {0004-3702},
    doi = {10.1016/j.artint.2010.11.001},
    author = {A. Rogers and A. Farinelli and R. Stranders and N.R. Jennings},
}

@inproceedings{khan,
    author = {Khan, Md. Mosaddek and Tran-Thanh, Long and Jennings, Nicholas R.},
    title = {A generic domain pruning technique for GDL-based DCOP algorithms in cooperative multi-agent systems},
    year = {2018},
    booktitle = {Proceedings of the 17th International Conference on Autonomous Agents and Multiagent Systems},
    pages = {1595–1603},
    address = {Richland, SC},
    location = {Stockholm, Sweden}
}

@inproceedings{calliess,
    author = {Calliess, Jan-P. and Gordon, Geoffrey J.},
    title = {No-Regret learning and a mechanism for distributed multiagent planning},
    year = {2008},
    isbn = {9780981738109},
    publisher = {International Foundation for Autonomous Agents and Multiagent Systems},
    address = {Richland, SC},
    booktitle = {Proceedings of the 7th International Joint Conference on Autonomous Agents and Multiagent Systems - Volume 1},
    pages = {509–516},
    location = {Estoril, Portugal},
}

@misc{zhang,
    title={Multi-agent reinforcement learning: a selective overview of theories and algorithms}, 
    author={Kaiqing Zhang and Zhuoran Yang and Tamer Başar},
    year={2021},
    eprint={1911.10635},
    archivePrefix={arXiv},
    primaryClass={cs.LG},
}

@article{canese,
    AUTHOR = {Canese, Lorenzo and Cardarilli, Gian Carlo and Di Nunzio, Luca and Fazzolari, Rocco and Giardino, Daniele and Re, Marco and Spanò, Sergio},
    TITLE = {Multi-agent reinforcement learning: a review of challenges and applications},
    JOURNAL = {Applied Sciences},
    VOLUME = {11},
    YEAR = {2021},
    NUMBER = {11},
    ARTICLE-NUMBER = {4948},
    ISSN = {2076-3417},
    DOI = {10.3390/app11114948}
}

@article{gode,
    author = {Dhananjay K. Gode and Shyam Sunder},
    title = {Allocative Efficiency of Markets with Zero-Intelligence Traders: Market as a Partial Substitute for Individual Rationality},
    journal = {Journal of Political Economy},
    volume = {101},
    number = {1},
    pages = {119-137},
    year = {1993},
    doi = {10.1086/261868},
}

@techreport{tesfatsion,
    author = "Tesfatsion, Leigh",
    title = "Agent-Based Computational Economics",
    institution = "Iowa State University",
    type = "Working Paper",
    number = 1,
    year = 2003,
    url = "http://www2.econ.iastate.edu/tesfatsi/acewp1.pdf"
}

@misc{bayati1,
    title={Bargaining dynamics in exchange networks}, 
    author={Yashodhan Kanoria and Mohsen Bayati and Christian Borgs and Jennifer Chayes and Andrea Montanari},
    year={2011},
    eprint={1004.2079},
    archivePrefix={arXiv},
    primaryClass={cs.GT},
}

@inproceedings{bayati2,
    author = {Kanoria, Yashodhan and Bayati, Mohsen and Borgs, Christian and Chayes, Jennifer and Montanari, Andrea},
    title = {Fast Convergence of Natural Bargaining Dynamics in Exchange Networks},
    year = {2011},
    publisher = {Society for Industrial and Applied Mathematics},
    address = {USA},
    booktitle = {Proceedings of the Twenty-Second Annual ACM-SIAM Symposium on Discrete Algorithms},
    pages = {1518–1537},
    location = {San Francisco, California},
}

@misc{bayati3,
    title={A Natural Dynamics for Bargaining on Exchange Networks}, 
    author={Yashodhan Kanoria and Mohsen Bayati and Christian Borgs and Jennifer Chayes and Andrea Montanari},
    year={2010},
    eprint={0911.1767},
    archivePrefix={arXiv},
    primaryClass={cs.GT},
}

@article{aumann,
    title = {Backward induction and common knowledge of rationality},
    journal = {Games and Economic Behavior},
    volume = {8},
    number = {1},
    pages = {6-19},
    year = {1995},
    issn = {0899-8256},
    doi = {10.1016/S0899-8256(05)80015-6},
    author = {Robert J. Aumann},
}

@InProceedings{igt,
    author="Kuleshov, Volodymyr and Schrijvers, Okke",
    editor="Markakis, Evangelos and Sch{\"a}fer, Guido",
    title="Inverse Game Theory: Learning utilities in succinct games",
    booktitle="Web and Internet Economics",
    year="2015",
    publisher="Springer",
    address="Berlin, Heidelberg",
    pages="413-427",
    isbn="978-3-662-48995-6"
}

@inproceedings{bishop,
    author = {Bishop, Nicholas and Dinh, Le Cong and Tran-Thanh, Long},
    title = {How to Guide a Non-Cooperative Learner to Cooperate: Exploiting No-Regret Algorithms in System Design},
    year = {2021},
    isbn = {9781450383073},
    publisher = {International Foundation for Autonomous Agents and Multiagent Systems},
    address = {Richland, SC},
    booktitle = {Proceedings of the 20th International Conference on Autonomous Agents and MultiAgent Systems},
    pages = {1464–1466},
}



@incollection{egt,
    title = {Epistemic Game Theory},
    chapter = 12,
    editor = {H. Peyton Young and Shmuel Zamir},
    series = {Handbook of Game Theory with Economic Applications},
    publisher = {Elsevier},
    volume = {4},
    pages = {619-702},
    year = {2015},
    issn = {1574-0005},
    doi = {10.1016/B978-0-444-53766-9.00012-4},
    author = {Eddie Dekel and Marciano Siniscalchi},
}

@article{garden,
    ISSN = {00294624, 14680068},
    doi = {doi.org/10.2307/2215437},
    author = {Peter Gärdenfors},
    journal = {Noûs},
    number = {3},
    pages = {341-356},
    publisher = {Wiley},
    title = {Rights, games and social choice},
    volume = {15},
    year = {1981}
}

@misc{pasu,
    title={A mathematical definition of property rights in a Debreu economy}, 
    author={Abhimanyu Pallavi Sudhir},
    year={2021},
    eprint={2107.09651},
    archivePrefix={arXiv},
    primaryClass={econ.TH}
}

@inproceedings{soton,
    booktitle = {19th European Conference on Artificial Intelligence},
    title = {A hybrid continuous Max-Sum algorithm for decentralised coordination},
    author = {Thomas Voice and Ruben Stranders and Alex Rogers and Nick Jennings},
    year = {2010},
    pages = {61-66},
    url = {https://eprints.soton.ac.uk/271239/},
}

@book{growth,
    title={Microfoundations of Economic Growth: A Schumpeterian Perspective},
    author={Gunnar Eliasson and Joseph A. Schumpeter and Christopher Green and Charles R. McCann},
    isbn={9780472109043},
    lccn={98005012},
    series={Selected papers from the International Schumpeter Society, Biennial Meeting (6 : 1996 : Stockholm)},
    url={https://books.google.co.uk/books?id=ggfsAAAAMAAJ},
    year={1998},
    publisher={University of Michigan Press}
}

@incollection{cycles,
    title={The microfoundations of business cycles: an evolutionary, multi-agent model},
    author={Dosi, Giovanni and Fagiolo, Giorgio and Roventini, Andrea},
    booktitle={Schumpeterian Perspectives on Innovation, Competition and Growth},
    pages={161-180},
    year={2009},
    publisher={Springer}
}

@article{loyalty,
    title={Emergence of Cooperative Long-Term Market Loyalty in Double Auction Markets},
    author={Aleksandra Alori\'c and Peter Sollich and Peter McBurney and Tobias Galla},
    journal={PLoS ONE},
    year={2016},
    volume={11},
    doi = {10.1371/journal.pone.0154606}
}

@misc{expressivity,
    title={On the Expressivity of Markov Reward}, 
    author={David Abel and Will Dabney and Anna Harutyunyan and Mark K. Ho and Michael L. Littman and Doina Precup and Satinder Singh},
    year={2021},
    eprint={2111.00876},
    archivePrefix={arXiv},
    primaryClass={cs.LG}
}

@inproceedings{peres,
    author = {Celis, L. and Devanur, Nikhil and Peres, Yuval},
    year = {2010},
    month = {12},
    pages = {133-144},
    title = {Local Dynamics in Bargaining Networks via Random-Turn Games},
    doi = {10.1007/978-3-642-17572-5_11}
}

@article{vojnovic,
    title={Bargaining dynamics in exchange networks},
    author={M. Draief and Milan Vojnovic},
    journal={2010 48th Annual Allerton Conference on Communication, Control, and Computing (Allerton)},
    year={2010},
    pages={1303-1310}
}

@article{mansour,
    author  = {Nicol{{\`o}} Cesa-Bianchi and Claudio Gentile and Yishay Mansour},
    title   = {Delay and Cooperation in Nonstochastic Bandits},
    journal = {Journal of Machine Learning Research},
    year    = {2019},
    volume  = {20},
    number  = {17},
    pages   = {1-38},
    url     = {http://jmlr.org/papers/v20/17-631.html}
}

@misc{kim-vojnovic,
    title={Scheduling Servers with Stochastic Bilinear Rewards}, 
    author={Jung-hun Kim and Milan Vojnovic},
    year={2021},
    eprint={2112.06362},
    archivePrefix={arXiv},
    primaryClass={cs.LG}
}

@techreport{gabaix,
    title = "Behavioral Inattention",
    author = "Xavier Gabaix",
    institution = "National Bureau of Economic Research",
    type = "Working Paper",
    series = "Working Paper Series",
    number = "24096",
    year = "2017",
    month = "December",
    doi = {10.3386/w24096},
    URL = "http://www.nber.org/papers/w24096",
}

@techreport{laibson,
    title = "Myopia and Discounting",
    author = "Xavier Gabaix and David Laibson",
    institution = "National Bureau of Economic Research",
    type = "Working Paper",
    series = "Working Paper Series",
    number = "23254",
    year = "2017",
    month = "March",
    doi = {10.3386/w23254},
    URL = "http://www.nber.org/papers/laibson4"
}

@article{rpt,
    title = {Equilibrium behavior in markets and games: testable restrictions and identification},
    journal = {Journal of Mathematical Economics},
    volume = {40},
    number = {1},
    pages = {1-40},
    year = {2004},
    note = {Aggregation, Equilibrium and Observability in honor of Werner Hildenbrand},
    issn = {0304-4068},
    doi = {https://doi.org/10.1016/j.jmateco.2003.06.001},
    url = {https://www.sciencedirect.com/science/article/pii/S0304406803001149},
    author = {Andrés Carvajal and Indrajit Ray and Susan Snyder},
}

@book{rptbook,
    title={Revealed Preference Theory},
    author={Chambers, C.P. and Echenique, F.},
    isbn={9781316495438},
    series={Econometric Society Monographs},
    url={https://books.google.co.uk/books?id=4fSTCwAAQBAJ},
    year={2016},
    publisher={Cambridge University Press}
}

@book{jackson,
    author = {Matthew O. Jackson},
    doi = {doi:10.1515/9781400833993},
    url = {https://doi.org/10.1515/9781400833993},
    title = {Social and Economic Networks},
    year = {2010},
    publisher = {Princeton University Press},
    ISBN = {9781400833993}
}

@book{fudenberg,
  title={The Theory of Learning in Games},
  author={Fudenberg, D. and Levine, D.F.D.K. and Drew, F. and K, L.D. and Levine, D.K. and Levine, D.K. and Massachusetts Institute of Technology},
  isbn={9780262061940},
  lccn={97039957},
  series={Economics Learning and Social Evolution Series},
  url={https://books.google.co.uk/books?id=G6vTQFluxuEC},
  year={1998},
  publisher={MIT Press}
}

@article{hayek,
 ISSN = {00130427, 14680335},
 URL = {http://www.jstor.org/stable/2548786},
 author = {F. A. von Hayek},
 journal = {Economica},
 number = {13},
 pages = {33--54},
 title = {Economics and Knowledge},
 volume = {4},
 year = {1937}
}

@book{palda,
  title={The Apprentice Economist: Seven Steps to Mastery},
  author={Palda, F.},
  isbn={9780987788047},
  url={https://books.google.co.uk/books?id=bUBNAgAAQBAJ},
  year={2013},
  publisher={Cooper-Wolfling}
}

@incollection{mas,
  booktitle={Microeconomic theory},
  author={Mas-Colell, A. and Whinston, M.D. and Green, J.R.},
  isbn={9780195102680},
  lccn={95018128},
  series={Oxford student edition},
  url={https://books.google.co.uk/books?id=sQGDQgAACAAJ},
  year={1995},
  publisher={Oxford University Press},
  chapter = 16,
  title = {Equilibrium and its Basic Welfare Properties}
}
