% generally about causation and equivariance

@misc{higgins,
    title={Towards a Definition of Disentangled Representations}, 
    author={Irina Higgins and David Amos and David Pfau and Sebastien Racaniere and Loic Matthey and Danilo Rezende and Alexander Lerchner},
    year={2018},
    eprint={1812.02230},
    archivePrefix={arXiv},
    primaryClass={cs.LG}
}

@misc{kim,
    title={Disentangling by Factorising}, 
    author={Hyunjik Kim and Andriy Mnih},
    year={2019},
    eprint={1802.05983},
    archivePrefix={arXiv},
    primaryClass={stat.ML}
}

@booklet{higgins2, 
    author = {Irina Higgins and Loic Matthey and Arka Pal and Christopher Burgess and Xavier Glorot and Matthew Botvinick and Shakir Mohamed and Alexander Lerchner}, 
    howpublished = {5th International Conference on Learning Representations}, 
    year = {2017}, 
    title = {beta-VAE: Learning Basic Visual Concepts with a Constrained Variational Framework}
}
 
 @misc{liu,
    title={Learning Disentangled Representations in the Imaging Domain}, 
    author={Xiao Liu and Pedro Sanchez and Spyridon Thermos and Alison Q. O'Neil and Sotirios A. Tsaftaris},
    year={2021},
    eprint={2108.12043},
    archivePrefix={arXiv},
    primaryClass={cs.CV}
}

@misc{oatml,
    title={On the Fairness of Disentangled Representations}, 
    author={Francesco Locatello and Gabriele Abbati and Tom Rainforth and Stefan Bauer and Bernhard Schölkopf and Olivier Bachem},
    year={2019},
    eprint={1905.13662},
    archivePrefix={arXiv},
    primaryClass={cs.LG}
}

@book{fair,
  title = {Fairness and Machine Learning},
  author = {Solon Barocas and Moritz Hardt and Arvind Narayanan},
  publisher = {fairmlbook.org},
  note = {\url{http://www.fairmlbook.org}},
  year = {2019}
}

% info

% @unpublished{soatto,
%     title= {Emergence of Invariance and Disentangling in Deep Representations },
%     author = {Stefano Soatto},
%     year = {2017},
%     note= {Learning Disentangled Representations},
%     URL= {https://sites.google.com/view/disentanglenips2017},
% }
 
@misc{achille,
    title={Emergence of Invariance and Disentanglement in Deep Representations}, 
    author={Alessandro Achille and Stefano Soatto},
    year={2018},
    eprint={1706.01350},
    archivePrefix={arXiv},
    primaryClass={cs.LG}
}

@misc{chen,
    title={InfoGAN: Interpretable Representation Learning by Information Maximizing Generative Adversarial Nets}, 
    author={Xi Chen and Yan Duan and Rein Houthooft and John Schulman and Ilya Sutskever and Pieter Abbeel},
    year={2016},
    eprint={1606.03657},
    archivePrefix={arXiv},
    primaryClass={cs.LG}
}

@inproceedings{kageback,
    title={Disentanglement by Penalizing Correlation}, 
    author={Mikael Kågeback and Olof Mogren}, 
    booktitle={NIPS Workshop on Learning Disentangled Features: from Perception to Control 2017}, 
    pages={1}, 
    year={2017}
}

% general causation

@book{pearl,
  title={The Book of Why: The New Science of Cause and Effect},
  author={Pearl, J. and Mackenzie, D.},
  isbn={9780241242643},
  url={https://books.google.co.uk/books?id=EmY8DwAAQBAJ},
  year={2018},
  publisher={Penguin Books Limited}
}

@book{elements,
  title={Elements of Causal Inference: Foundations and Learning Algorithms},
  author={Peters, J. and Janzing, D. and Scholkopf, B.},
  isbn={9780262037310},
  lccn={2017020087},
  series={Adaptive Computation and Machine Learning series},
  url={https://books.google.co.uk/books?id=XPpFDwAAQBAJ},
  year={2017},
  publisher={MIT Press}
}

@misc{scholkopf,
    title={Towards Causal Representation Learning}, 
    author={Bernhard Schölkopf and Francesco Locatello and Stefan Bauer and Nan Rosemary Ke and Nal Kalchbrenner and Anirudh Goyal and Yoshua Bengio},
    year={2021},
    eprint={2102.11107},
    archivePrefix={arXiv},
    primaryClass={cs.LG}
}

@misc{ilse,
    title={Selecting Data Augmentation for Simulating Interventions}, 
    author={Maximilian Ilse and Jakub M. Tomczak and Patrick Forré},
    year={2020},
    eprint={2005.01856},
    archivePrefix={arXiv},
    primaryClass={stat.ML}
}

@misc{sxchen,
    title={A Group-Theoretic Framework for Data Augmentation}, 
    author={Shuxiao Chen and Edgar Dobriban and Jane H Lee},
    year={2020},
    eprint={1907.10905},
    archivePrefix={arXiv},
    primaryClass={stat.ML}
}

@manual{r,
    author = {Michail Tsagris},
    title = {Orientation rules for the PC algorithm: The orientations part of the PC algorithm},
    version = {0.9.7},
    organization = {RDocumentation},
    pubstate = {December 20, 2016},
}

@article{gene,
    author = {Glymour, Clark and Zhang, Kun and Spirtes, Peter},   
    title = {Review of Causal Discovery Methods Based on Graphical Models},      
    journal = {Frontiers in Genetics},      
    volume ={10},      
    year = {2019},      
    url = {https://www.frontiersin.org/article/10.3389/fgene.2019.00524},       
    doi = {10.3389/fgene.2019.00524},      
    issn = {1664-8021},
}

@article{zhang,
    title = {On the completeness of orientation rules for causal discovery in the presence of latent confounders and selection bias},
    journal = {Artificial Intelligence},
    volume = {172},
    number = {16},
    pages = {1873-1896},
    year = {2008},
    issn = {0004-3702},
    doi = {https://doi.org/10.1016/j.artint.2008.08.001},
    url = {https://www.sciencedirect.com/science/article/pii/S0004370208001008},
    author = {Jiji Zhang},
}

% general equivariance

@misc{trivedi,
    title={On the Generalization of Equivariance and Convolution in Neural Networks to the Action of Compact Groups}, 
    author={Risi Kondor and Shubhendu Trivedi},
    year={2018},
    eprint={1802.03690},
    archivePrefix={arXiv},
    primaryClass={stat.ML}
}

@misc{cohen,
    title={Intertwiners between Induced Representations (with Applications to the Theory of Equivariant Neural Networks)}, 
    author={Taco S. Cohen and Mario Geiger and Maurice Weiler},
    year={2018},
    eprint={1803.10743},
    archivePrefix={arXiv},
    primaryClass={cs.LG}
}

@misc{cohen2,
    title={Group Equivariant Convolutional Networks}, 
    author={Taco S. Cohen and Max Welling},
    year={2016},
    eprint={1602.07576},
    archivePrefix={arXiv},
    primaryClass={cs.LG}
}

@misc{esteves,
    title={Theoretical Aspects of Group Equivariant Neural Networks}, 
    author={Carlos Esteves},
    year={2020},
    eprint={2004.05154},
    archivePrefix={arXiv},
    primaryClass={cs.LG}
}

@misc{gerken,
    title={Geometric Deep Learning and Equivariant Neural Networks}, 
    author={Jan E. Gerken and Jimmy Aronsson and Oscar Carlsson and Hampus Linander and Fredrik Ohlsson and Christoffer Petersson and Daniel Persson},
    year={2021},
    eprint={2105.13926},
    archivePrefix={arXiv},
    primaryClass={cs.LG}
}

@article{reiset,
    author  = {Marco Reisert and Hans Burkhardt},
    title   = {Learning Equivariant Functions with Matrix Valued Kernels},
    journal = {Journal of Machine Learning Research},
    year    = {2007},
    volume  = {8},
    number  = {15},
    pages   = {385-408},
    url     = {http://jmlr.org/papers/v8/reisert07a.html}
}

@misc{kim2,
    title={CyCNN: A Rotation Invariant CNN using Polar Mapping and Cylindrical Convolution Layers}, 
    author={Jinpyo Kim and Wooekun Jung and Hyungmo Kim and Jaejin Lee},
    year={2020},
    eprint={2007.10588},
    archivePrefix={arXiv},
    primaryClass={cs.CV}
}

% symmetry

@misc{reddy,
    title={Probabilistic symmetries and invariant neural networks}, 
    author={Benjamin Bloem-Reddy and Yee Whye Teh},
    year={2020},
    eprint={1901.06082},
    archivePrefix={arXiv},
    primaryClass={stat.ML}
}

@book{kallenberg,
    title={Probabilistic Symmetries and Invariance Principles},
    author={Kallenberg, O. and Springer},
    number={v. 10},
    isbn={9780387251158},
    lccn={2005923579},
    series={Applied probability},
    url={https://books.google.co.uk/books?id=E2mUQjV09y4C},
    year={2005},
    publisher={Springer}
}

% 6 and 9

@inproceedings{varma,
    author={Varma, Manik and Ray, Debajyoti},
    booktitle={2007 IEEE 11th International Conference on Computer Vision}, 
    title={Learning The Discriminative Power-Invariance Trade-Off}, 
    year={2007},
    volume={},
    number={},
    pages={1-8},
    doi={10.1109/ICCV.2007.4408875}
}
 
@article{ling,
    title = {Machine learning strategies for systems with invariance properties},
    journal = {Journal of Computational Physics},
    volume = {318},
    pages = {22-35},
    year = {2016},
    issn = {0021-9991},
    doi = {https://doi.org/10.1016/j.jcp.2016.05.003},
    url = {https://www.sciencedirect.com/science/article/pii/S0021999116301309},
    author = {Julia Ling and Reese Jones and Jeremy Templeton},
    keywords = {Machine learning, Turbulence models, Constitutive models, Tensor invariants}
}

% detecting invariances

@misc{benton,
    doi = {10.48550/ARXIV.2010.11882},
    url = {https://arxiv.org/abs/2010.11882},
    author = {Benton, Gregory and Finzi, Marc and Izmailov, Pavel and Wilson, Andrew Gordon},
    title = {Learning Invariances in Neural Networks},
    publisher = {arXiv},
    year = {2020},
}

@misc{wilk,
  doi = {10.48550/ARXIV.1808.05563},
  url = {https://arxiv.org/abs/1808.05563},
  author = {van der Wilk, Mark and Bauer, Matthias and John, ST and Hensman, James},
  title = {Learning Invariances using the Marginal Likelihood},
  publisher = {arXiv},
  year = {2018}
}

@misc{cubuk,
  doi = {10.48550/ARXIV.1805.09501},
  url = {https://arxiv.org/abs/1805.09501},
  author = {Cubuk, Ekin D. and Zoph, Barret and Mane, Dandelion and Vasudevan, Vijay and Le, Quoc V.},
  title = {AutoAugment: Learning Augmentation Policies from Data},
  publisher = {arXiv},
  year = {2018},
}

@article{entropy0,
  title = {Entropy measures, entropy estimators, and their performance in quantifying complex dynamics: Effects of artifacts, nonstationarity, and long-range correlations},
  author = {Xiong, Wanting and Faes, Luca and Ivanov, Plamen Ch.},
  journal = {Phys. Rev. E},
  volume = {95},
  issue = {6},
  pages = {062114},
  numpages = {37},
  year = {2017},
  month = {Jun},
  publisher = {American Physical Society},
  doi = {10.1103/PhysRevE.95.062114},
  url = {https://link.aps.org/doi/10.1103/PhysRevE.95.062114}
}

@article{entropy00,
  doi = {10.48550/ARXIV.PHYSICS/0108025},
  url = {https://arxiv.org/abs/physics/0108025},
  author = {Nemenman, Ilya and Shafee, Fariel and Bialek, William},
  title = {Entropy and inference, revisited},
  publisher = {arXiv},
  year = {2001},
}

@article{entropy000,
author = {Vu, Vincent Q. and Yu, Bin and Kass, Robert E.},
title = {Coverage-adjusted entropy estimation},
journal = {Statistics in Medicine},
volume = {26},
number = {21},
pages = {4039-4060},
keywords = {entropy estimation, neuronal data, spike train},
doi = {https://doi.org/10.1002/sim.2942},
url = {https://onlinelibrary.wiley.com/doi/abs/10.1002/sim.2942},
eprint = {https://onlinelibrary.wiley.com/doi/pdf/10.1002/sim.2942},
year = {2007}
}



@article{entropy1,
    author = {Paninski, Liam},
    title = {Estimation of Entropy and Mutual Information},
    year = {2003},
    issue_date = {June 2003},
    publisher = {MIT Press},
    address = {Cambridge, MA, USA},
    volume = {15},
    number = {6},
    issn = {0899-7667},
    url = {https://doi.org/10.1162/089976603321780272},
    doi = {10.1162/089976603321780272},
    journal = {Neural Comput.},
    month = {jun},
    pages = {1191–1253},
    numpages = {63}
}

@inproceedings{entropy2,
 author = {Valiant, Paul and Valiant, Gregory},
 booktitle = {Advances in Neural Information Processing Systems},
 editor = {C.J. Burges and L. Bottou and M. Welling and Z. Ghahramani and K.Q. Weinberger},
 pages = {},
 publisher = {Curran Associates, Inc.},
 title = {Estimating the Unseen: Improved Estimators for Entropy and other Properties},
 url = {https://proceedings.neurips.cc/paper/2013/file/53c04118df112c13a8c34b38343b9c10-Paper.pdf},
 volume = {26},
 year = {2013}
}

@misc{entropy3,
  doi = {10.48550/ARXIV.1302.0328},
  url = {https://arxiv.org/abs/1302.0328},
  author = {Archer, Evan and Park, Il Memming and Pillow, Jonathan},
  title = {Bayesian Entropy Estimation for Countable Discrete Distributions},
  publisher = {arXiv},
  year = {2013},
}
