%%% BOUNDED RATIONALITY - GENERAL OVERVIEWS %%%

@incollection{Gigerenzer2016,
  doi = {10.1057/9781137442505_3},
  url = {https://doi.org/10.1057/9781137442505_3},
  year = {2016},
  publisher = {Palgrave Macmillan {UK}},
  pages = {34--59},
  author = {Gerd Gigerenzer},
  title = {Towards a Rational Theory of Heuristics},
  booktitle = {Minds,  Models and Milieux}
}

@article{Aumann1997,
  doi = {10.1006/game.1997.0585},
  url = {https://doi.org/10.1006/game.1997.0585},
  year = {1997},
  month = oct,
  publisher = {Elsevier {BV}},
  volume = {21},
  number = {1-2},
  pages = {2--14},
  author = {Robert J. Aumann},
  title = {Rationality and Bounded Rationality},
  journal = {Games and Economic Behavior}
}

@Inbook{Arrow2004,
    author={Arrow, Kenneth J.},
    title={Is bounded rationality unboundedly rational? Some ruminations.},
    series={Models of a man: Essays in memory of Herbert A. Simon.},
    year={2004},
    publisher={MIT Press},
    address={Cambridge,  MA,  US},
    pages={47-55},
    isbn={0-262-01208-1}
}

@inproceedings{Echenique2011, % computational constraints have no relevance
    author = {Echenique, Federico and Golovin, Daniel and Wierman, Adam},
    title = {A Revealed Preference Approach to Computational Complexity in Economics},
    year = {2011},
    isbn = {9781450302616},
    publisher = {Association for Computing Machinery},
    address = {New York, NY, USA},
    url = {https://doi.org/10.1145/1993574.1993591},
    doi = {10.1145/1993574.1993591},
    booktitle = {Proceedings of the 12th ACM Conference on Electronic Commerce},
    pages = {101–110},
    numpages = {10},
    keywords = {revealed preference, rationalization, computational complexity, theory of the consumer},
    location = {San Jose, California, USA},
    series = {EC '11}
}

%%% APPROXIMATE MODELS OF BR %%%

@techreport{Gabaix2017,
    title = "Behavioral Inattention",
    author = "Xavier Gabaix",
    institution = "National Bureau of Economic Research",
    type = "Working Paper",
    series = "Working Paper Series",
    number = "24096",
    year = "2017",
    month = "December",
    doi = {10.3386/w24096},
    URL = "http://www.nber.org/papers/w24096",
}

@techreport{Laibson2017,
  doi = {10.3386/w23254},
  url = {https://doi.org/10.3386/w23254},
  year = {2017},
  month = mar,
  publisher = {National Bureau of Economic Research},
  author = {Xavier Gabaix and David Laibson},
  title = {Myopia and Discounting}
}

@techreport{Pavan2014,
    title = {Attention, Coordination, and Bounded Recall},
    author = {Pavan, Alessandro},
    year = {2014},
    institution = {Northwestern University, Center for Mathematical Studies in Economics and Management Science},
    url = {https://EconPapers.repec.org/RePEc:nwu:cmsems:1576}
}

@article{Sims2003,
    title = {Implications of rational inattention},
    journal = {Journal of Monetary Economics},
    volume = {50},
    number = {3},
    pages = {665-690},
    year = {2003},
    issn = {0304-3932},
    doi = {https://doi.org/10.1016/S0304-3932(03)00029-1},
    url = {https://www.sciencedirect.com/science/article/pii/S0304393203000291},
    author = {Christopher A. Sims},
}

@article{Kelvey1995,
    title = {Quantal Response Equilibria for Normal Form Games},
    journal = {Games and Economic Behavior},
    volume = {10},
    number = {1},
    pages = {6-38},
    year = {1995},
    issn = {0899-8256},
    doi = {https://doi.org/10.1006/game.1995.1023},
    url = {https://www.sciencedirect.com/science/article/pii/S0899825685710238},
    author = {Richard D. McKelvey and Thomas R. Palfrey},
}

@article{Kelvey1998,
    author={Mckelvey, Richard D.
    and Palfrey, Thomas R.},
    title={Quantal Response Equilibria for Extensive Form Games},
    journal={Experimental Economics},
    year={1998},
    month={Jun},
    day={01},
    volume={1},
    number={1},
    pages={9-41},
    issn={1573-6938},
    doi={10.1023/A:1009905800005},
    url={https://doi.org/10.1023/A:1009905800005}
}

%%% GENERAL GODEL %%%

@article{Charlesworth2006,
  doi = {10.1145/1149114.1149119},
  url = {https://doi.org/10.1145/1149114.1149119},
  year = {2006},
  month = jul,
  publisher = {Association for Computing Machinery ({ACM})},
  volume = {7},
  number = {3},
  pages = {590--612},
  author = {Arthur Charlesworth},
  title = {Comprehending software correctness implies comprehending an intelligence-related limitation},
  journal = {{ACM} Transactions on Computational Logic}
}

@article{Charlesworth2014,
  doi = {10.1007/s11023-014-9349-3},
  url = {https://doi.org/10.1007/s11023-014-9349-3},
  year = {2014},
  month = nov,
  publisher = {Springer Science and Business Media {LLC}},
  volume = {24},
  number = {4},
  pages = {439--476},
  author = {Arthur Charlesworth},
  title = {The Comprehensibility Theorem and the Foundations of Artificial Intelligence},
  journal = {Minds and Machines}
}

@article{Charlesworth2016,
  doi = {10.1007/s11023-015-9382-x},
  url = {https://doi.org/10.1007/s11023-015-9382-x},
  year = {2016},
  month = jan,
  publisher = {Springer Science and Business Media {LLC}},
  volume = {26},
  number = {3},
  pages = {205--226},
  author = {Arthur Charlesworth},
  title = {A Theorem about Computationalism and {\textquotedblleft}Absolute{\textquotedblright} Truth},
  journal = {Minds and Machines}
}

@article{Feferman2006,
  doi = {10.1093/philmat/nkj003},
  url = {https://doi.org/10.1093/philmat/nkj003},
  year = {2006},
  month = jan,
  publisher = {Oxford University Press ({OUP})},
  volume = {14},
  number = {2},
  pages = {134--152},
  author = {S. Feferman},
  title = {Are There Absolutely Unsolvable Problems? Godel{\textquotesingle}s Dichotomy},
  journal = {Philosophia Mathematica}
}

%%% TRANSACTION COSTS %%%

@article{Randall1975, 
    author = "Alan Randall",
    title = "Property Rights and Social Microeconomics",
    journal = "Natural Resources Journal",
    volume = "15",
    number = "4",
    pages = "729--747",
    year = "1975"
}

@article{Furubotn1972,
    author = "Eirik G. Furubotn and Svetozar Pejovich",
    title = "Property Rights and Economic Theory: A Survey of Recent Literature",
    journal = "Journal of Economic Literature",
    volume = "10",
    number = "4",
    pages = "1137--1162",
    year = "1972"
}

@article{Grossman1986,
    author = "Sanford J. Grossman and Oliver D. Hart",
    title = "The Costs and Benefits of Ownership: A Theory of Vertical and Lateral Integration",
    journal = "Journal of Political Economy",
    volume = "94",
    number = "4",
    pages = "691--719",
    year = "1986",
    doi = "https://doi.org/10.1086/261404"
}

@article{Cheung1970,
    author = "Steven N. S. Cheung",
    title = "The Structure of a Contract and the Theory of a Non-Exclusive Resource",
    journal = "The Journal of Law \& Economics",
    volume = "13",
    number = "1",
    pages = "49--70",
    year = "1970"
}

@article{Demsetz1964,
    author = "Harold Demsetz",
    title = "The Exchange and Enforcement of Property Rights",
    journal = "The Journal of Law \& Economics",
    volume = "7",
    pages = "11--26",
    year = "1964"
}

@article{Kim2005,
  doi = {10.1002/mde.1218},
  url = {https://doi.org/10.1002/mde.1218},
  year = {2005},
  publisher = {Wiley},
  volume = {26},
  number = {4},
  pages = {223--242},
  author = {Jongwook Kim and Joseph T. Mahoney},
  title = {Property rights theory,  transaction costs theory,  and agency theory: an organizational economics approach to strategic management},
  journal = {Managerial and Decision Economics}
}

@inbook{Mahoney2005c3,
    author = "Joseph T. Mahoney",
    title = "Property Rights Theory",
    chapter = "3",
    pages = "109--138",
    booktitle = "Economic Foundations of Strategy",
    year = "2005",
    isbn = "9781412905435",
    doi = "https://dx.doi.org/10.4135/9781452229850",
    publisher = "SAGE"
}

@article{Holcombe2014,
  doi = {10.1017/s1744137414000137},
  url = {https://doi.org/10.1017/s1744137414000137},
  year = {2014},
  month = apr,
  publisher = {Cambridge University Press ({CUP})},
  volume = {10},
  number = {3},
  pages = {471--491},
  author = {RANDALL G. HOLCOMBE},
  title = {The economic theory of rights},
  journal = {Journal of Institutional Economics}
}

%%% PRO-EMH %%%

@article{Rust1997,
  title     = "Dealing with the complexity of economic calculations",
  author    = "Rust, John P",
  journal   = "SSRN Electron. J.",
  publisher = "Elsevier BV",
  year      =  1997,
  language  = "en"
}

@article{Blume2015,
    author={Blume, Lawrence and Easley, David and Kleinberg, Jon and Kleinberg, Robert and Tardos, Éva},
    title={{Introduction to computer science and economic theory}},
    journal={Journal of Economic Theory},
    year=2015,
    volume={156},
    number={C},
    pages={1-13},
    month={},
    doi={10.1016/j.jet.2014.11.002},
    url={https://ideas.repec.org/a/eee/jetheo/v156y2015icp1-13.html}
}

%%% ANTI-EMH %%%

@TechReport{Monroe2009,
    author={Hunter K Monroe},
    title={{Can Markets Compute Equilibria?}},
    year=2009,
    month=Feb,
    institution={International Monetary Fund},
    type={IMF Working Papers},
    url={https://ideas.repec.org/p/imf/imfwpa/2009-024.html},
    number={2009/024},
}

@misc{Maymin2010,
  doi = {10.48550/ARXIV.1002.2284},
  url = {https://arxiv.org/abs/1002.2284},
  author = {Maymin, Philip},
  title = {Markets are efficient if and only if P = NP},
  publisher = {arXiv},
  year = {2010},
}

@article{Milgrom2022,
 ISSN = {00129682, 14680262},
 URL = {http://www.jstor.org/stable/2938316},
 journal = {Econometrica},
 number = {6},
 pages = {1255--1277},
 publisher = {[Wiley, Econometric Society]},
 title = {Rationalizability, Learning, and Equilibrium in Games with Strategic Complementarities},
 author = {Paul Milgrom and John Roberts},
 urldate = {2022-07-12},
 volume = {58},
 year = {1990}
}

@article{Xiaotie2008,
    title = {The computation of approximate competitive equilibrium is PPAD-hard},
    journal = {Information Processing Letters},
    volume = {108},
    number = {6},
    pages = {369-373},
    year = {2008},
    issn = {0020-0190},
    doi = {https://doi.org/10.1016/j.ipl.2008.07.011},
    url = {https://www.sciencedirect.com/science/article/pii/S0020019008001968},
    author = {Xiaotie Deng and Ye Du},
}

@INPROCEEDINGS{Decheng2009,
    author={Chen, Xi and Dai, Decheng and Du, Ye and Teng, Shang-Hua},
    booktitle={2009 50th Annual IEEE Symposium on Foundations of Computer Science}, 
    title={Settling the Complexity of Arrow-Debreu Equilibria in Markets with Additively Separable Utilities}, 
    year={2009},
    volume={},
    number={},
    pages={273-282},
    doi={10.1109/FOCS.2009.29}
}
  
@article{Paparas2017,
    author = {Chen, Xi and Paparas, Dimitris and Yannakakis, Mihalis},
    title = {The Complexity of Non-Monotone Markets},
    year = {2017},
    issue_date = {June 2017},
    publisher = {Association for Computing Machinery},
    address = {New York, NY, USA},
    volume = {64},
    number = {3},
    issn = {0004-5411},
    url = {https://doi.org/10.1145/3064810},
    doi = {10.1145/3064810},
    journal = {J. ACM},
    month = {6},
    articleno = {20},
    numpages = {56},
}

@InProceedings{Xi2009,
    author="Chen, Xi and Teng, Shang-Hua",
    editor="Dong, Yingfei
    and Du, Ding-Zhu
    and Ibarra, Oscar",
    title="Spending Is Not Easier Than Trading: On the Computational Equivalence of Fisher and Arrow-Debreu Equilibria",
    booktitle="Algorithms and Computation",
    year="2009",
    publisher="Springer Berlin Heidelberg",
    address="Berlin, Heidelberg",
    pages="647-656",
    isbn="978-3-642-10631-6"
}

@inproceedings{Codenotti2006,
    author = {Codenotti, Bruno and Saberi, Amin and Varadarajan, Kasturi and Ye, Yinyu},
    title = {Leontief Economies Encode Nonzero Sum Two-Player Games},
    year = {2006},
    isbn = {0898716055},
    publisher = {Society for Industrial and Applied Mathematics},
    address = {USA},
    booktitle = {Proceedings of the Seventeenth Annual ACM-SIAM Symposium on Discrete Algorithm},
    pages = {659–667},
    numpages = {9},
    location = {Miami, Florida},
    series = {SODA '06}
}

@article{Vazirani2011,
    author = {Vazirani, Vijay V. and Yannakakis, Mihalis},
    title = {Market Equilibrium under Separable, Piecewise-Linear, Concave Utilities},
    year = {2011},
    issue_date = {May 2011},
    publisher = {Association for Computing Machinery},
    address = {New York, NY, USA},
    volume = {58},
    number = {3},
    issn = {0004-5411},
    url = {https://doi.org/10.1145/1970392.1970394},
    doi = {10.1145/1970392.1970394},
    journal = {J. ACM},
    month = {6},
    articleno = {10},
    numpages = {25},
}

@article{Chen2009,
    author = {Chen, Xi and Deng, Xiaotie and Teng, Shang-Hua},
    title = {Settling the Complexity of Computing Two-Player Nash Equilibria},
    year = {2009},
    issue_date = {May 2009},
    publisher = {Association for Computing Machinery},
    address = {New York, NY, USA},
    volume = {56},
    number = {3},
    issn = {0004-5411},
    url = {https://doi.org/10.1145/1516512.1516516},
    doi = {10.1145/1516512.1516516},
    journal = {J. ACM},
    month = {5},
    articleno = {14},
    numpages = {57},
}

@inproceedings{Daskalakis2006,
    author = {Daskalakis, Constantinos and Goldberg, Paul W. and Papadimitriou, Christos H.},
    title = {The Complexity of Computing a Nash Equilibrium},
    year = {2006},
    isbn = {1595931341},
    publisher = {Association for Computing Machinery},
    address = {New York, NY, USA},
    url = {https://doi.org/10.1145/1132516.1132527},
    doi = {10.1145/1132516.1132527},
    booktitle = {Proceedings of the Thirty-Eighth Annual ACM Symposium on Theory of Computing},
    pages = {71–78},
    numpages = {8},
    location = {Seattle, WA, USA},
    series = {STOC '06}
}

@article{Yannakakis2010,
    author = {Christos H. Papadimitriou  and Mihalis Yannakakis },
    title = {An impossibility theorem for price-adjustment mechanisms},
    journal = {Proceedings of the National Academy of Sciences},
    volume = {107},
    number = {5},
    pages = {1854-1859},
    year = {2010},
    doi = {10.1073/pnas.0914728107},
    URL = {https://www.pnas.org/doi/abs/10.1073/pnas.0914728107},
    eprint = {https://www.pnas.org/doi/pdf/10.1073/pnas.0914728107},
}