%%% MODELS OF BR %%%

@article{Halpern2021,
  doi = {10.1609/aaai.v26i1.8403},
  url = {https://doi.org/10.1609/aaai.v26i1.8403},
  year = {2021},
  month = sep,
  publisher = {Association for the Advancement of Artificial Intelligence ({AAAI})},
  volume = {26},
  number = {1},
  pages = {1917--1923},
  author = {Joe Halpern and Rafael Pass and Lior Seeman},
  title = {I{\textquotesingle}m Doing as Well as I Can: Modeling People as Rational Finite Automata},
  journal = {Proceedings of the {AAAI} Conference on Artificial Intelligence}
}

@article{Halpern2015,
  doi = {10.1016/j.jet.2014.04.007},
  url = {https://doi.org/10.1016/j.jet.2014.04.007},
  year = {2015},
  month = mar,
  publisher = {Elsevier {BV}},
  volume = {156},
  pages = {246--268},
  author = {Joseph Y. Halpern and Rafael Pass},
  title = {Algorithmic rationality: Game theory with costly computation},
  journal = {Journal of Economic Theory}
}

@misc{Halpern2013,
  doi = {10.48550/ARXIV.1308.3780},
  url = {https://arxiv.org/abs/1308.3780},
  author = {Halpern,  Joseph Y. and Pass,  Rafael and Seeman,  Lior},
  keywords = {Computer Science and Game Theory (cs.GT),  Artificial Intelligence (cs.AI),  FOS: Computer and information sciences,  FOS: Computer and information sciences},
  title = {Decision Theory with Resource-Bounded Agents},
  publisher = {arXiv},
  year = {2013},
  copyright = {arXiv.org perpetual,  non-exclusive license}
}

@article{Singh2014,
  doi = {10.1111/tops.12086},
  url = {https://doi.org/10.1111/tops.12086},
  year = {2014},
  month = mar,
  publisher = {Wiley},
  volume = {6},
  number = {2},
  pages = {279--311},
  author = {Richard L. Lewis and Andrew Howes and Satinder Singh},
  title = {Computational Rationality: Linking Mechanism and Behavior Through Bounded Utility Maximization},
  journal = {Topics in Cognitive Science}
}

@article{Russell1995,
  doi = {10.48550/ARXIV.CS/9505103},
  url = {https://arxiv.org/abs/cs/9505103},
  author = {Russell,  S. J. and Subramanian,  D.},
  keywords = {Artificial Intelligence (cs.AI),  FOS: Computer and information sciences,  FOS: Computer and information sciences},
  title = {Provably Bounded-Optimal Agents},
  publisher = {arXiv},
  year = {1995},
  copyright = {Assumed arXiv.org perpetual,  non-exclusive license to distribute this article for submissions made before January 2004}
}

@misc{MIRI2016,
  doi = {10.48550/ARXIV.1609.03543},
  url = {https://arxiv.org/abs/1609.03543},
  author = {Garrabrant,  Scott and Benson-Tilsen,  Tsvi and Critch,  Andrew and Soares,  Nate and Taylor,  Jessica},
  title = {Logical Induction},
  publisher = {arXiv},
  year = {2016},
  copyright = {arXiv.org perpetual,  non-exclusive license}
}

@misc{LW2014,
  title={Logical uncertainty reading list}, 
  url={https://www.lesswrong.com/posts/cC2mEzNhzLHPKbru7/logical-uncertainty-reading-list},
  journal={LessWrong},
  author={alex\_zag\_al},
  year={2014},
  month={10}
} 

%%% MIND-MARKET %%%

@incollection{Wuppuluri2020Suwailem,
  doi = {10.1142/9789811200076_0018},
  url = {https://doi.org/10.1142/9789811200076_0018},
  year = {2020},
  month = {2},
  publisher = {World Scientific},
  pages = {369--402},
  author = {Sami Al-Suwailem},
  title = {The Incompletability of Markets},
  booktitle = {Unravelling Complexity: The Life and Work of Gregory Chaitin}
} 

%%% OTHER %%%

@article{Aumann1987,
  doi = {10.2307/1911154},
  url = {https://doi.org/10.2307/1911154},
  year = {1987},
  month = jan,
  publisher = {{JSTOR}},
  volume = {55},
  number = {1},
  pages = {1},
  author = {Robert J. Aumann},
  title = {Correlated Equilibrium as an Expression of Bayesian Rationality},
  journal = {Econometrica}
}

@article{Gode1993,
  doi = {10.1086/261868},
  url = {https://doi.org/10.1086/261868},
  year = {1993},
  month = {2},
  publisher = {University of Chicago Press},
  volume = {101},
  number = {1},
  pages = {119--137},
  author = {Dhananjay K. Gode and Shyam Sunder},
  title = {Allocative Efficiency of Markets with Zero-Intelligence Traders: Market as a Partial Substitute for Individual Rationality},
  journal = {Journal of Political Economy}
}

%%% BACKGROUND READING: LOGIC, FINANCE, GAME TH %%%

@book{Wuppuluri2020, % logic
  doi = {10.1142/11270},
  url = {https://doi.org/10.1142/11270},
  year = {2020},
  month = 3,
  publisher = {WORLD SCIENTIFIC},
  author = {Shyam Wuppuluri and Francisco Antonio Doria},
  title = {Unravelling Complexity: The Life and Work of Gregory Chaitin}
}

@inproceedings{Rathjen2007,
  title={The Realm of Ordinal Analysis},
  author={Michael Rathjen},
  year={2007}
}

@article{Delbaen2004,
  url = {https://www.ams.org/notices/200405/what-is.pdf},
  year = {2004},
  month = may,
  publisher = {{AMS}},
  volume = {51},
  number = {5},
  pages = {526--528},
  author = {Delbaen, Freddy and Schachermayer, Walter},
  title = {What is a Free Lunch?},
  journal = {Notices of the AMS}
}

@article{Cerny17, % game theory
  title={Computational Bounded Rationality},
  author={{\v{C}}ern{\`y}, Jakub},
  year={2017},
  publisher={Univerzita Karlova, Matematicko-fyzik{\'a}ln{\'\i} fakulta},
  url = {https://dspace.cuni.cz/bitstream/handle/20.500.11956/90480/DPTX_2016_1_11320_0_451098_0_184855.pdf}
}

@article{Tennenholtz2004, % program equilibrium
    title = {Program equilibrium},
    journal = {Games and Economic Behavior},
    volume = {49},
    number = {2},
    pages = {363-373},
    year = {2004},
    issn = {0899-8256},
    doi = {https://doi.org/10.1016/j.geb.2004.02.002},
    url = {https://www.sciencedirect.com/science/article/pii/S0899825604000314},
    author = {Moshe Tennenholtz},
}

% dutch book args