%%% ALGORITHMIC INFORMATION THEORY %%%

@misc{Rute2018,
  doi = {10.48550/ARXIV.1812.03375},
  url = {https://arxiv.org/abs/1812.03375},
  author = {Rute,  Jason},
  keywords = {Logic (math.LO),  Logic in Computer Science (cs.LO),  FOS: Mathematics,  FOS: Mathematics,  FOS: Computer and information sciences,  FOS: Computer and information sciences,  03D32,  03F60},
  title = {On the close interaction between algorithmic randomness and constructive/computable measure theory},
  publisher = {arXiv},
  year = {2018},
  copyright = {arXiv.org perpetual,  non-exclusive license}
}

%%% MODELS OF BR %%%

@article{Gaifman2017,
  doi = {10.1007/s11229-017-1594-6},
  url = {https://doi.org/10.1007/s11229-017-1594-6},
  year = {2017},
  month = nov,
  publisher = {Springer Science and Business Media {LLC}},
  volume = {195},
  number = {10},
  pages = {4205--4241},
  author = {Haim Gaifman and Yang Liu},
  title = {A simpler and more realistic subjective decision theory},
  journal = {Synthese}
}

@article{Ortega2013,
  doi = {10.1098/rspa.2012.0683},
  url = {https://doi.org/10.1098/rspa.2012.0683},
  year = {2013},
  month = may,
  publisher = {The Royal Society},
  volume = {469},
  number = {2153},
  pages = {20120683},
  author = {Pedro A. Ortega and Daniel A. Braun},
  title = {Thermodynamics as a theory of decision-making with information-processing costs},
  journal = {Proceedings of the Royal Society A: Mathematical,  Physical and Engineering Sciences}
}

@article{Gottwald2019,
  doi = {10.3390/e21040375},
  url = {https://doi.org/10.3390/e21040375},
  year = {2019},
  month = apr,
  publisher = {{MDPI} {AG}},
  volume = {21},
  number = {4},
  pages = {375},
  author = {Sebastian Gottwald and Daniel Braun},
  title = {Bounded Rational Decision-Making from Elementary Computations That Reduce Uncertainty},
  journal = {Entropy}
}

%% https://www.cs.ubc.ca/~kevinlb/teaching/cs532a%20-%202005-6/Projects/RyanGolbeck.pdf to learn

@ARTICLE{Neynman1985,
    title = {Bounded complexity justifies cooperation in the finitely repeated prisoners' dilemma},
    author = {Neyman, Abraham},
    year = {1985},
    journal = {Economics Letters},
    volume = {19},
    number = {3},
    pages = {227-229},
    url = {https://EconPapers.repec.org/RePEc:eee:ecolet:v:19:y:1985:i:3:p:227-229}
}

@article{Rubenstein1986,
    title = {Finite automata play the repeated prisoner's dilemma},
    journal = {Journal of Economic Theory},
    volume = {39},
    number = {1},
    pages = {83-96},
    year = {1986},
    issn = {0022-0531},
    doi = {https://doi.org/10.1016/0022-0531(86)90021-9},
    url = {https://www.sciencedirect.com/science/article/pii/0022053186900219},
    author = {Ariel Rubinstein},
}

@inproceedings{Papadimitriou1994,
    author = {Papadimitriou, Christos H. and Yannakakis, Mihalis},
    title = {On Complexity as Bounded Rationality (Extended Abstract)},
    year = {1994},
    isbn = {0897916638},
    publisher = {Association for Computing Machinery},
    address = {New York, NY, USA},
    url = {https://doi.org/10.1145/195058.195445},
    doi = {10.1145/195058.195445},
    booktitle = {Proceedings of the Twenty-Sixth Annual ACM Symposium on Theory of Computing},
    pages = {726â€“733},
    numpages = {8},
    location = {Montreal, Quebec, Canada},
    series = {STOC '94}
}

@article{Kalai1988,
    ISSN = {00129682, 14680262},
    URL = {http://www.jstor.org/stable/1911078},
    author = {Ehud Kalai and William Stanford},
    journal = {Econometrica},
    number = {2},
    pages = {397--410},
    publisher = {[Wiley, Econometric Society]},
    title = {Finite Rationality and Interpersonal Complexity in Repeated Games},
    urldate = {2022-08-25},
    volume = {56},
    year = {1988}
}

@phdthesis{Chen1990,
    author = {Chen, P.},
    title = {On the Efficiency and Complexity of Computational and Economic Processes},
    year = {1990},
    publisher = {Northwestern University},
    address = {USA},
    note = {UMI Order No: GAX90-01786}
}

@article{Norman1994,
  title     = "Computability, complexity and economics",
  author    = "Norman, Alfred Lorn",
  journal   = "Comput. Econ.",
  publisher = "Springer Science and Business Media LLC",
  volume    =  7,
  number    =  1,
  pages     = "1--21",
  month     =  feb,
  year      =  1994,
  language  = "en"
}

% https://math.mit.edu/~dspivak/informatics/grants/AFOSR--Proposal.pdf daniel spivak 2012

% https://pdfs.semanticscholar.org/b842/fd61258926530093101cce811cf22184d9e0.pdf siam and maamri 2018

% https://arxiv.org/abs/1505.07712 eric werner 2015

% https://pdf.sciencedirectassets.com/280203/1-s2.0-S1877050915X0010X/1-s2.0-S1877050915008315/main.pdf Ormandjieva 2015

