@misc{pasu,
    title={A mathematical definition of property rights in a Debreu economy}, 
    author={Abhimanyu Pallavi Sudhir},
    year={2021},
    eprint={2107.09651},
    archivePrefix={arXiv},
    primaryClass={econ.TH}
}

