%%%%% Motivating thing %%%%%

@article{gode, % zero intelligence 
    ISSN = {00223808, 1537534X},
    URL = {http://www.jstor.org/stable/2138676},
    author = {Dhananjay K. Gode and Shyam Sunder},
    journal = {Journal of Political Economy},
    number = {1},
    pages = {119--137},
    publisher = {University of Chicago Press},
    title = {Allocative Efficiency of Markets with Zero-Intelligence Traders: Market as a Partial Substitute for Individual Rationality},
    urldate = {2022-07-16},
    volume = {101},
    year = {1993}
}

%%%%% ACE %%%%%

@techreport{tesfatsion,
    author = "Tesfatsion, Leigh",
    title = "Agent-Based Computational Economics",
    institution = "Iowa State University",
    type = "Working Paper",
    number = 1,
    year = 2003,
    url = "http://www2.econ.iastate.edu/tesfatsi/acewp1.pdf"
}

%%%%% Natural dynamics %%%%%

@misc{bayati1,
    title={Bargaining dynamics in exchange networks}, 
    author={Yashodhan Kanoria and Mohsen Bayati and Christian Borgs and Jennifer Chayes and Andrea Montanari},
    year={2011},
    eprint={1004.2079},
    archivePrefix={arXiv},
    primaryClass={cs.GT},
}

@inproceedings{peres,
    author = {Celis, L. and Devanur, Nikhil and Peres, Yuval},
    year = {2010},
    month = {12},
    pages = {133-144},
    title = {Local Dynamics in Bargaining Networks via Random-Turn Games},
    doi = {10.1007/978-3-642-17572-5_11}
}

@article{vojnovic,
    title={Bargaining dynamics in exchange networks},
    author={M. Draief and Milan Vojnovic},
    journal={2010 48th Annual Allerton Conference on Communication, Control, and Computing (Allerton)},
    year={2010},
    pages={1303-1310}
}

@inproceedings{bayati2,
    author = {Kanoria, Yashodhan and Bayati, Mohsen and Borgs, Christian and Chayes, Jennifer and Montanari, Andrea},
    title = {Fast Convergence of Natural Bargaining Dynamics in Exchange Networks},
    year = {2011},
    publisher = {Society for Industrial and Applied Mathematics},
    address = {USA},
    booktitle = {Proceedings of the Twenty-Second Annual ACM-SIAM Symposium on Discrete Algorithms},
    pages = {1518–1537},
    location = {San Francisco, California},
}

@misc{bayati3,
    title={A Natural Dynamics for Bargaining on Exchange Networks}, 
    author={Yashodhan Kanoria and Mohsen Bayati and Christian Borgs and Jennifer Chayes and Andrea Montanari},
    year={2010},
    eprint={0911.1767},
    archivePrefix={arXiv},
    primaryClass={cs.GT},
}

@misc{cheung,
  doi = {10.48550/ARXIV.1806.04746},
  url = {https://arxiv.org/abs/1806.04746},
  author = {Cheung, Yun Kuen and Cole, Richard and Tao, Yixin},
  title = {Dynamics of Distributed Updating in Fisher Markets},
  publisher = {arXiv},
  year = {2018},
}

%%%%% OOE %%%%%

@incollection{hce:32,
    author      = "William Brian Arthur",
    title       = "Out-of-equilibrium economics and agent-based modeling",
    booktitle   = "Handbook of Computational Economics",
    publisher   = "Elsevier",
    address     = "Amsterdam",
    year        = 2006,
    volume = 2,
    pages       = "1551-1564",
    chapter     = 32,
}

@inproceedings{gas,
    author = "Outkin, Alexander and Vargas, Vanessa and Kobos, Peter and Myerly, Melissa and Barter, Garrett",
    title = "An agent-based modeling approach to non-equilibrium dynamics of natural gas supply shock propagation",
    booktitle = "International Association of Energy Economists 2014 Conference",
    year = 2014,
    month = 6,
}

@techreport{hal1,
    author = "Napoletano, Mauro and Gaffard, Jean-Luc and Babutsidze, Zakaria", 
    title = "Agent-based models: a new tool for economic and policy analysis",
    year = 2012,
    group = "HAL",
    number = "hal-01070338f"
}

@techreport{hal2,
    author = "Sharma, Dhruv", 
    title = "Macroeconomic agent-based models: a statistical physics perspective",
    year = 2020,
    group = "HAL",
    number = "tel-03199888f"
}

%%%%% Mechanism design %%%%%

@article{md,
  doi = {10.2139/ssrn.2542983},
  url = {https://doi.org/10.2139/ssrn.2542983},
  year = {2014},
  publisher = {Elsevier {BV}},
  author = {Matthew O. Jackson},
  title = {Mechanism Theory},
  journal = {{SSRN} Electronic Journal}
}

@incollection{agt:2,
    author = "Christos Papadimitriou",
    title = "The Complexity of Finding Nash Equilibria",
    booktitle = "Algorithmic Game Theory",
    publisher = "Cambridge University Press",
    address = "New York",
    year = 2007,
    pages = "29-52",
    chapter = 2
}

@inproceedings{kakade,
    author="Kakade, Sham M.
    and Kearns, Michael
    and Ortiz, Luis E.",
    editor="Shawe-Taylor, John
    and Singer, Yoram",
    title="Graphical Economics",
    booktitle="Learning Theory",
    year="2004",
    publisher="Springer Berlin Heidelberg",
    address="Berlin, Heidelberg",
    pages="17-32",
    isbn="978-3-540-27819-1"
}

@misc{tagiew,
    title={Towards barter double auction as model for bilateral social cooperations}, 
    author={Rustam Tagiew},
    year={2009},
    eprint={0905.3709},
    archivePrefix={arXiv},
    primaryClass={cs.GT},
}

@article{mcafee,
    title = {A dominant strategy double auction},
    journal = {Journal of Economic Theory},
    volume = {56},
    number = {2},
    pages = {434-450},
    year = {1992},
    issn = {0022-0531},
    doi = {10.1016/0022-0531(92)90091-U},
    author = {R.Preston McAfee},
}

@article{babaioff-nisan,
    title={Concurrent Auctions Across The Supply Chain},
    volume={21},
    ISSN={1076-9757},
    DOI={10.1613/jair.1316},
    journal={Journal of Artificial Intelligence Research},
    publisher={AI Access Foundation},
    author={Babaioff, M. and Nisan, N.},
    year={2004},
    month={May},
    pages={595–629}
}

@article{babaioff-walsh,
    title = {Incentive-compatible, budget-balanced, yet highly efficient auctions for supply chain formation},
    journal = {Decision Support Systems},
    volume = {39},
    number = {1},
    pages = {123-149},
    year = {2005},
    note = {The Fourth ACM Conference on Electronic Commerce},
    issn = {0167-9236},
    doi = {10.1016/j.dss.2004.08.008},
    author = {Moshe Babaioff and William E. Walsh}
}

@article{myerson,
    title = {Efficient mechanisms for bilateral trading},
    journal = {Journal of Economic Theory},
    volume = {29},
    number = {2},
    pages = {265-281},
    year = {1983},
    issn = {0022-0531},
    doi = {10.1016/0022-0531(83)90048-0},
    author = {Roger B Myerson and Mark A Satterthwaite},
}

@article{woolridge,
    title = {A supply chain as a network of auctions},
    journal = {Decision Support Systems},
    volume = {50},
    number = {1},
    pages = {176-190},
    year = {2010},
    issn = {0167-9236},
    doi = {https://doi.org/10.1016/j.dss.2010.07.013},
    url = {https://www.sciencedirect.com/science/article/pii/S0167923610001193},
    author = {Thierry Moyaux and Peter McBurney and Michael Wooldridge},
}

%%%%% Message passing %%%%%

@article{rogers,
    title = {Bounded approximate decentralised coordination via the max-sum algorithm},
    journal = {Artificial Intelligence},
    volume = {175},
    number = {2},
    pages = {730-759},
    year = {2011},
    issn = {0004-3702},
    doi = {10.1016/j.artint.2010.11.001},
    author = {A. Rogers and A. Farinelli and R. Stranders and N.R. Jennings},
}

@inproceedings{khan,
    author = {Khan, Md. Mosaddek and Tran-Thanh, Long and Jennings, Nicholas R.},
    title = {A generic domain pruning technique for GDL-based DCOP algorithms in cooperative multi-agent systems},
    year = {2018},
    booktitle = {Proceedings of the 17th International Conference on Autonomous Agents and Multiagent Systems},
    pages = {1595–1603},
    address = {Richland, SC},
    location = {Stockholm, Sweden}
}

@inproceedings{bishop,
    author = {Bishop, Nicholas and Dinh, Le Cong and Tran-Thanh, Long},
    title = {How to Guide a Non-Cooperative Learner to Cooperate: Exploiting No-Regret Algorithms in System Design},
    year = {2021},
    isbn = {9781450383073},
    publisher = {International Foundation for Autonomous Agents and Multiagent Systems},
    address = {Richland, SC},
    booktitle = {Proceedings of the 20th International Conference on Autonomous Agents and MultiAgent Systems},
    pages = {1464–1466},
}

@inproceedings{soton,
    booktitle = {19th European Conference on Artificial Intelligence},
    title = {A hybrid continuous Max-Sum algorithm for decentralised coordination},
    author = {Thomas Voice and Ruben Stranders and Alex Rogers and Nick Jennings},
    year = {2010},
    pages = {61-66},
    url = {https://eprints.soton.ac.uk/271239/},
}

@article{mansour,
    author  = {Nicol{{\`o}} Cesa-Bianchi and Claudio Gentile and Yishay Mansour},
    title   = {Delay and Cooperation in Nonstochastic Bandits},
    journal = {Journal of Machine Learning Research},
    year    = {2019},
    volume  = {20},
    number  = {17},
    pages   = {1-38},
    url     = {http://jmlr.org/papers/v20/17-631.html}
}

@book{jackson,
    author = {Matthew O. Jackson},
    doi = {doi:10.1515/9781400833993},
    url = {https://doi.org/10.1515/9781400833993},
    title = {Social and Economic Networks},
    year = {2010},
    publisher = {Princeton University Press},
    ISBN = {9781400833993}
}

%%%%% Multi-agent learning %%%%%

@inproceedings{calliess,
    author = {Calliess, Jan-P. and Gordon, Geoffrey J.},
    title = {No-Regret learning and a mechanism for distributed multiagent planning},
    year = {2008},
    isbn = {9780981738109},
    publisher = {International Foundation for Autonomous Agents and Multiagent Systems},
    address = {Richland, SC},
    booktitle = {Proceedings of the 7th International Joint Conference on Autonomous Agents and Multiagent Systems - Volume 1},
    pages = {509–516},
    location = {Estoril, Portugal},
}

@misc{zhang,
    title={Multi-agent reinforcement learning: a selective overview of theories and algorithms}, 
    author={Kaiqing Zhang and Zhuoran Yang and Tamer Başar},
    year={2021},
    eprint={1911.10635},
    archivePrefix={arXiv},
    primaryClass={cs.LG},
}

@article{canese,
    AUTHOR = {Canese, Lorenzo and Cardarilli, Gian Carlo and Di Nunzio, Luca and Fazzolari, Rocco and Giardino, Daniele and Re, Marco and Spanò, Sergio},
    TITLE = {Multi-agent reinforcement learning: a review of challenges and applications},
    JOURNAL = {Applied Sciences},
    VOLUME = {11},
    YEAR = {2021},
    NUMBER = {11},
    ARTICLE-NUMBER = {4948},
    ISSN = {2076-3417},
    DOI = {10.3390/app11114948}
}

@misc{kim-vojnovic,
    title={Scheduling Servers with Stochastic Bilinear Rewards}, 
    author={Jung-hun Kim and Milan Vojnovic},
    year={2021},
    eprint={2112.06362},
    archivePrefix={arXiv},
    primaryClass={cs.LG}
}