%%%%% Theoretical work describing complexity and economics %%%%%

@phdthesis{chenthesis,
    author = {Chen, P.},
    title = {On the Efficiency and Complexity of Computational and Economic Processes},
    year = {1990},
    publisher = {Northwestern University},
    address = {USA},
    note = {UMI Order No: GAX90-01786}
}

@article{norman,
  title     = "Computability, complexity and economics",
  author    = "Norman, Alfred Lorn",
  journal   = "Comput. Econ.",
  publisher = "Springer Science and Business Media LLC",
  volume    =  7,
  number    =  1,
  pages     = "1--21",
  month     =  feb,
  year      =  1994,
  language  = "en"
}

@inproceedings{echenique, % computational constraints have no relevance
    author = {Echenique, Federico and Golovin, Daniel and Wierman, Adam},
    title = {A Revealed Preference Approach to Computational Complexity in Economics},
    year = {2011},
    isbn = {9781450302616},
    publisher = {Association for Computing Machinery},
    address = {New York, NY, USA},
    url = {https://doi.org/10.1145/1993574.1993591},
    doi = {10.1145/1993574.1993591},
    booktitle = {Proceedings of the 12th ACM Conference on Electronic Commerce},
    pages = {101–110},
    numpages = {10},
    keywords = {revealed preference, rationalization, computational complexity, theory of the consumer},
    location = {San Jose, California, USA},
    series = {EC '11}
}

%%%%% Yes-go theorems %%%%%

@article{oktogo,
  title     = "Dealing with the complexity of economic calculations",
  author    = "Rust, John P",
  journal   = "SSRN Electron. J.",
  publisher = "Elsevier BV",
  year      =  1997,
  language  = "en"
}

@article{goapprox,
    author={Blume, Lawrence and Easley, David and Kleinberg, Jon and Kleinberg, Robert and Tardos, Éva},
    title={{Introduction to computer science and economic theory}},
    journal={Journal of Economic Theory},
    year=2015,
    volume={156},
    number={C},
    pages={1-13},
    month={},
    doi={10.1016/j.jet.2014.11.002},
    url={https://ideas.repec.org/a/eee/jetheo/v156y2015icp1-13.html}
}


%%%%% No-go theorems %%%%%

@TechReport{monroe,
    author={Hunter K Monroe},
    title={{Can Markets Compute Equilibria?}},
    year=2009,
    month=Feb,
    institution={International Monetary Fund},
    type={IMF Working Papers},
    url={https://ideas.repec.org/p/imf/imfwpa/2009-024.html},
    number={2009/024},
}

@misc{maymin,
  doi = {10.48550/ARXIV.1002.2284},
  url = {https://arxiv.org/abs/1002.2284},
  author = {Maymin, Philip},
  title = {Markets are efficient if and only if P = NP},
  publisher = {arXiv},
  year = {2010},
}

@article{milgrom,
 ISSN = {00129682, 14680262},
 URL = {http://www.jstor.org/stable/2938316},
 journal = {Econometrica},
 number = {6},
 pages = {1255--1277},
 publisher = {[Wiley, Econometric Society]},
 title = {Rationalizability, Learning, and Equilibrium in Games with Strategic Complementarities},
 author = {Paul Milgrom and John Roberts},
 urldate = {2022-07-12},
 volume = {58},
 year = {1990}
}


@article{nogomarket0,
    title = {The computation of approximate competitive equilibrium is PPAD-hard},
    journal = {Information Processing Letters},
    volume = {108},
    number = {6},
    pages = {369-373},
    year = {2008},
    issn = {0020-0190},
    doi = {https://doi.org/10.1016/j.ipl.2008.07.011},
    url = {https://www.sciencedirect.com/science/article/pii/S0020019008001968},
    author = {Xiaotie Deng and Ye Du},
}

@INPROCEEDINGS{nogomarket1,
    author={Chen, Xi and Dai, Decheng and Du, Ye and Teng, Shang-Hua},
    booktitle={2009 50th Annual IEEE Symposium on Foundations of Computer Science}, 
    title={Settling the Complexity of Arrow-Debreu Equilibria in Markets with Additively Separable Utilities}, 
    year={2009},
    volume={},
    number={},
    pages={273-282},
    doi={10.1109/FOCS.2009.29}
}
  
@article{nogomarket2,
    author = {Chen, Xi and Paparas, Dimitris and Yannakakis, Mihalis},
    title = {The Complexity of Non-Monotone Markets},
    year = {2017},
    issue_date = {June 2017},
    publisher = {Association for Computing Machinery},
    address = {New York, NY, USA},
    volume = {64},
    number = {3},
    issn = {0004-5411},
    url = {https://doi.org/10.1145/3064810},
    doi = {10.1145/3064810},
    journal = {J. ACM},
    month = {jun},
    articleno = {20},
    numpages = {56},
}

@InProceedings{nogomarket3,
    author="Chen, Xi
    and Teng, Shang-Hua",
    editor="Dong, Yingfei
    and Du, Ding-Zhu
    and Ibarra, Oscar",
    title="Spending Is Not Easier Than Trading: On the Computational Equivalence of Fisher and Arrow-Debreu Equilibria",
    booktitle="Algorithms and Computation",
    year="2009",
    publisher="Springer Berlin Heidelberg",
    address="Berlin, Heidelberg",
    pages="647-656",
    isbn="978-3-642-10631-6"
}

@inproceedings{nogomarket4,
    author = {Codenotti, Bruno and Saberi, Amin and Varadarajan, Kasturi and Ye, Yinyu},
    title = {Leontief Economies Encode Nonzero Sum Two-Player Games},
    year = {2006},
    isbn = {0898716055},
    publisher = {Society for Industrial and Applied Mathematics},
    address = {USA},
    booktitle = {Proceedings of the Seventeenth Annual ACM-SIAM Symposium on Discrete Algorithm},
    pages = {659–667},
    numpages = {9},
    location = {Miami, Florida},
    series = {SODA '06}
}

@article{nogomarket5,
    author = {Vazirani, Vijay V. and Yannakakis, Mihalis},
    title = {Market Equilibrium under Separable, Piecewise-Linear, Concave Utilities},
    year = {2011},
    issue_date = {May 2011},
    publisher = {Association for Computing Machinery},
    address = {New York, NY, USA},
    volume = {58},
    number = {3},
    issn = {0004-5411},
    url = {https://doi.org/10.1145/1970392.1970394},
    doi = {10.1145/1970392.1970394},
    journal = {J. ACM},
    month = {jun},
    articleno = {10},
    numpages = {25},
}

@article{nogofinite1,
    author = {Chen, Xi and Deng, Xiaotie and Teng, Shang-Hua},
    title = {Settling the Complexity of Computing Two-Player Nash Equilibria},
    year = {2009},
    issue_date = {May 2009},
    publisher = {Association for Computing Machinery},
    address = {New York, NY, USA},
    volume = {56},
    number = {3},
    issn = {0004-5411},
    url = {https://doi.org/10.1145/1516512.1516516},
    doi = {10.1145/1516512.1516516},
    journal = {J. ACM},
    month = {may},
    articleno = {14},
    numpages = {57},
}

@inproceedings{nogofinite2,
    author = {Daskalakis, Constantinos and Goldberg, Paul W. and Papadimitriou, Christos H.},
    title = {The Complexity of Computing a Nash Equilibrium},
    year = {2006},
    isbn = {1595931341},
    publisher = {Association for Computing Machinery},
    address = {New York, NY, USA},
    url = {https://doi.org/10.1145/1132516.1132527},
    doi = {10.1145/1132516.1132527},
    booktitle = {Proceedings of the Thirty-Eighth Annual ACM Symposium on Theory of Computing},
    pages = {71–78},
    numpages = {8},
    location = {Seattle, WA, USA},
    series = {STOC '06}
}

@article{nogogeneral1,
    title = {The computation of approximate competitive equilibrium is PPAD-hard},
    journal = {Information Processing Letters},
    volume = {108},
    number = {6},
    pages = {369-373},
    year = {2008},
    issn = {0020-0190},
    doi = {https://doi.org/10.1016/j.ipl.2008.07.011},
    url = {https://www.sciencedirect.com/science/article/pii/S0020019008001968},
    author = {Xiaotie Deng and Ye Du},
}

@article{nogogeneral2,
    author = {Christos H. Papadimitriou  and Mihalis Yannakakis },
    title = {An impossibility theorem for price-adjustment mechanisms},
    journal = {Proceedings of the National Academy of Sciences},
    volume = {107},
    number = {5},
    pages = {1854-1859},
    year = {2010},
    doi = {10.1073/pnas.0914728107},
    URL = {https://www.pnas.org/doi/abs/10.1073/pnas.0914728107},
    eprint = {https://www.pnas.org/doi/pdf/10.1073/pnas.0914728107},
}
