%%%%% Rights %%%%%

@article{garden,
    ISSN = {00294624, 14680068},
    doi = {doi.org/10.2307/2215437},
    author = {Peter Gärdenfors},
    journal = {Noûs},
    number = {3},
    pages = {341-356},
    publisher = {Wiley},
    title = {Rights, games and social choice},
    volume = {15},
    year = {1981}
}

@misc{pasu,
    title={A mathematical definition of property rights in a Debreu economy}, 
    author={Abhimanyu Pallavi Sudhir},
    year={2021},
    eprint={2107.09651},
    archivePrefix={arXiv},
    primaryClass={econ.TH}
}

%%%%% Economic phenomenology %%%%%

@book{growth,
    title={Microfoundations of Economic Growth: A Schumpeterian Perspective},
    author={Gunnar Eliasson and Joseph A. Schumpeter and Christopher Green and Charles R. McCann},
    isbn={9780472109043},
    lccn={98005012},
    series={Selected papers from the International Schumpeter Society, Biennial Meeting (6 : 1996 : Stockholm)},
    url={https://books.google.co.uk/books?id=ggfsAAAAMAAJ},
    year={1998},
    publisher={University of Michigan Press}
}

@incollection{cycles,
    title={The microfoundations of business cycles: an evolutionary, multi-agent model},
    author={Dosi, Giovanni and Fagiolo, Giorgio and Roventini, Andrea},
    booktitle={Schumpeterian Perspectives on Innovation, Competition and Growth},
    pages={161-180},
    year={2009},
    publisher={Springer}
}

@article{loyalty,
    title={Emergence of Cooperative Long-Term Market Loyalty in Double Auction Markets},
    author={Aleksandra Alori\'c and Peter Sollich and Peter McBurney and Tobias Galla},
    journal={PLoS ONE},
    year={2016},
    volume={11},
    doi = {10.1371/journal.pone.0154606}
}