%%%%% Bounded rationality %%%%%

@InCollection{sepbr,
	author       =	{Wheeler, Gregory},
	title        =	{{Bounded Rationality}},
	booktitle    =	{The {Stanford} Encyclopedia of Philosophy},
	editor       =	{Edward N. Zalta},
	howpublished =	{\url{https://plato.stanford.edu/archives/fall2020/entries/bounded-rationality/}},
	year         =	{2020},
	edition      =	{{F}all 2020},
	publisher    =	{Metaphysics Research Lab, Stanford University}
}

@Inbook{towards,
    author="Gigerenzer, Gerd",
    editor="Frantz, Roger
    and Marsh, Leslie",
    title="Towards a Rational Theory of Heuristics",
    bookTitle="Minds, Models and Milieux: Commemorating the Centennial of the Birth of Herbert Simon",
    year="2016",
    publisher="Palgrave Macmillan UK",
    address="London",
    pages="34--59",
    isbn="978-1-137-44250-5",
    doi="10.1057/9781137442505_3",
    url="https://doi.org/10.1057/9781137442505_3"
}

@Inbook{isit,
    author={Arrow, Kenneth J.},
    title={Is bounded rationality unboundedly rational? Some ruminations.},
    series={Models of a man: Essays in memory of Herbert A. Simon.},
    year={2004},
    publisher={MIT Press},
    address={Cambridge,  MA,  US},
    pages={47-55},
    isbn={0-262-01208-1}
}

@techreport{br1,
    title = "Behavioral Inattention",
    author = "Xavier Gabaix",
    institution = "National Bureau of Economic Research",
    type = "Working Paper",
    series = "Working Paper Series",
    number = "24096",
    year = "2017",
    month = "12",
    doi = {10.3386/w24096},
    URL = "http://www.nber.org/papers/w24096", % https://scholar.harvard.edu/files/xgabaix/files/behavioral_inattention_02.pdf
}

@techreport{br2,
    title = "Myopia and Discounting",
    author = "Xavier Gabaix and David Laibson",
    institution = "National Bureau of Economic Research",
    type = "Working Paper",
    series = "Working Paper Series",
    number = "23254",
    year = "2017",
    month = "3",
    doi = {10.3386/w23254},
    URL = "http://www.nber.org/papers/laibson4" % https://scholar.harvard.edu/files/xgabaix/files/myopia_and_discounting.pdf
}

@misc{hierarchical,
  doi = {10.48550/ARXIV.1901.09216},
  url = {https://arxiv.org/abs/1901.09216},
  author = {Wen, Ying and Yang, Yaodong and Luo, Rui and Wang, Jun},
  title = {Modelling Bounded Rationality in Multi-Agent Interactions by Generalized Recursive Reasoning},
  publisher = {arXiv},
  year = {2019},
}

%%%%% General and rationality %%%%%

@article{aumann,
    ISSN = {00129682, 14680262},
    URL = {http://www.jstor.org/stable/1911154},
    author = {Robert J. Aumann},
    journal = {Econometrica},
    number = {1},
    pages = {1--18},
    publisher = {[Wiley, Econometric Society]},
    title = {Correlated Equilibrium as an Expression of Bayesian Rationality},
    urldate = {2022-07-12},
    volume = {55},
    year = {1987}
}

@article{aumann2, % igt related somehow
    title = {Backward induction and common knowledge of rationality},
    journal = {Games and Economic Behavior},
    volume = {8},
    number = {1},
    pages = {6-19},
    year = {1995},
    issn = {0899-8256},
    doi = {10.1016/S0899-8256(05)80015-6},
    author = {Robert J. Aumann},
}

@article{marks, % partitioning state space 
    title = {Evolved perception and behaviour in oligopolies},
    journal = {Journal of Economic Dynamics and Control},
    volume = {22},
    number = {8},
    pages = {1209-1233},
    year = {1998},
    issn = {0165-1889},
    doi = {https://doi.org/10.1016/S0165-1889(98)00010-4},
    url = {https://www.sciencedirect.com/science/article/pii/S0165188998000104},
    author = {Robert Marks},
}

@article{progeq,
    title = {Program equilibrium},
    journal = {Games and Economic Behavior},
    volume = {49},
    number = {2},
    pages = {363-373},
    year = {2004},
    issn = {0899-8256},
    doi = {https://doi.org/10.1016/j.geb.2004.02.002},
    url = {https://www.sciencedirect.com/science/article/pii/S0899825604000314},
    author = {Moshe Tennenholtz},
}