%%%%% analog computers %%%%%

@article{graca,
    title = {Analog computers and recursive functions over the reals},
    journal = {Journal of Complexity},
    volume = {19},
    number = {5},
    pages = {644-664},
    year = {2003},
    issn = {0885-064X},
    doi = {https://doi.org/10.1016/S0885-064X(03)00034-7},
    url = {https://www.sciencedirect.com/science/article/pii/S0885064X03000347},
    author = {Daniel {Silva Graça} and José {Félix Costa}},
}

%%%%% Inverse game theory %%%%%

@InProceedings{igt,
    author="Kuleshov, Volodymyr and Schrijvers, Okke",
    editor="Markakis, Evangelos and Sch{\"a}fer, Guido",
    title="Inverse Game Theory: Learning utilities in succinct games",
    booktitle="Web and Internet Economics",
    year="2015",
    publisher="Springer",
    address="Berlin, Heidelberg",
    pages="413-427",
    isbn="978-3-662-48995-6"
}

%%%%% Epistemic game theory %%%%%

@incollection{egt,
    title = {Epistemic Game Theory},
    chapter = 12,
    editor = {H. Peyton Young and Shmuel Zamir},
    series = {Handbook of Game Theory with Economic Applications},
    publisher = {Elsevier},
    volume = {4},
    pages = {619-702},
    year = {2015},
    issn = {1574-0005},
    doi = {10.1016/B978-0-444-53766-9.00012-4},
    author = {Eddie Dekel and Marciano Siniscalchi},
}

%%%%% Revealed Preference Theory %%%%%

@article{rpt,
    title = {Equilibrium behavior in markets and games: testable restrictions and identification},
    journal = {Journal of Mathematical Economics},
    volume = {40},
    number = {1},
    pages = {1-40},
    year = {2004},
    note = {Aggregation, Equilibrium and Observability in honor of Werner Hildenbrand},
    issn = {0304-4068},
    doi = {https://doi.org/10.1016/j.jmateco.2003.06.001},
    url = {https://www.sciencedirect.com/science/article/pii/S0304406803001149},
    author = {Andrés Carvajal and Indrajit Ray and Susan Snyder},
}

@book{rptbook,
    title={Revealed Preference Theory},
    author={Chambers, C.P. and Echenique, F.},
    isbn={9781316495438},
    series={Econometric Society Monographs},
    url={https://books.google.co.uk/books?id=4fSTCwAAQBAJ},
    year={2016},
    publisher={Cambridge University Press}
}

%%%%% Expressivity %%%%%

@misc{expressivity,
    title={On the Expressivity of Markov Reward}, 
    author={David Abel and Will Dabney and Anna Harutyunyan and Mark K. Ho and Michael L. Littman and Doina Precup and Satinder Singh},
    year={2021},
    eprint={2111.00876},
    archivePrefix={arXiv},
    primaryClass={cs.LG}
}