%%% ---------------------------------------- %%%
%%%          TRULY RELEVANT SOURCES          %%%
%%% ---------------------------------------- %%%


%%% LOGICAL INDUCTION AND OTHER MIRI WORK %%%

@article{logical_induction,
  author    = {Scott Garrabrant and
               Tsvi Benson{-}Tilsen and
               Andrew Critch and
               Nate Soares and
               Jessica Taylor},
  title     = {Logical Induction},
  journal   = {CoRR},
  volume    = {abs/1609.03543},
  year      = {2016},
  url       = {http://arxiv.org/abs/1609.03543},
  eprinttype = {arXiv},
  eprint    = {1609.03543}
}

 @misc{logical_induction_converse, 
    title={Markets are universal for logical induction}, 
    url={https://www.alignmentforum.org/posts/WmNeCipNwg9CmGy3T/markets-are-universal-for-logical-induction}, 
    journal={{AI} Alignment Forum}, 
    author={John Wentworth}, 
    year={2019}, 
    month={Aug},
    note = {Accessed 2023-01-25}
} 

@inproceedings{demski,
  title={A theory of bounded inductive rationality},
  author={Caspar Oesterheld and Abram Demski and Vincent Conitzer},
  year={2021}
}

%%% ECONOMICS %%%

@article{barzel,
    ISSN = {00442550},
    URL = {http://www.jstor.org/stable/40750776},
    author = {Yoram Barzel},
    journal = {Zeitschrift f√ºr die gesamte Staatswissenschaft / Journal of Institutional and Theoretical Economics},
    number = {1},
    pages = {4--16},
    publisher = {Mohr Siebeck GmbH & Co. KG},
    title = {Transaction Costs: Are They Just Costs?},
    urldate = {2023-01-25},
    volume = {141},
    year = {1985}
}

@article{gs_1,
  doi = {10.1086/261868},
  url = {https://doi.org/10.1086/261868},
  year = {1993},
  month = feb,
  publisher = {University of Chicago Press},
  volume = {101},
  number = {1},
  pages = {119--137},
  author = {Dhananjay K. Gode and Shyam Sunder},
  title = {Allocative Efficiency of Markets with Zero-Intelligence Traders: Market as a Partial Substitute for Individual Rationality},
  journal = {Journal of Political Economy}
}

@article{gs_2,
  doi = {10.1162/003355397555307},
  url = {https://doi.org/10.1162/003355397555307},
  year = {1997},
  month = may,
  publisher = {Oxford University Press ({OUP})},
  volume = {112},
  number = {2},
  pages = {603--630},
  author = {D. K. Gode and S. Sunder},
  title = {What Makes Markets Allocationally Efficient?},
  journal = {The Quarterly Journal of Economics}
}

@article{gs_3,
  doi = {10.2139/ssrn.2478665},
  url = {https://doi.org/10.2139/ssrn.2478665},
  year = {2015},
  publisher = {Elsevier {BV}},
  author = {Karim Jamal and Michael S. Maier and Shyam Sunder},
  title = {Simple Agents,  Intelligent Markets},
  journal = {{SSRN} Electronic Journal}
}

@article{gs_schwarz,
  doi = {10.1086/519963},
  url = {https://doi.org/10.1086/519963},
  year = {2008},
  month = jan,
  publisher = {University of Chicago Press},
  volume = {37},
  number = {1},
  pages = {131--159},
  author = {Alan Schwartz},
  title = {How Much Irrationality Does the Market Permit?},
  journal = {The Journal of Legal Studies}
}

@article{gs_laibson,
  title={Safety in Markets: An Impossibility Theorem for Dutch Books},
  author={David I. Laibson and Leeat Yariv},
  journal={Levine's Bibliography},
  year={2007}
}

@incollection{chaitin_marketequilibrium,
  doi = {10.1142/9789811200076_0017},
  url = {https://doi.org/10.1142/9789811200076_0017},
  year = {2020},
  month = feb,
  publisher = {{WORLD} {SCIENTIFIC}},
  pages = {345--367},
  author = {J. Barkley Rosser},
  title = {Incompleteness and Complexity in Economic Theory},
  booktitle = {Unravelling Complexity}
}

@incollection{chaitin_markets,
    doi = {10.1142/9789811200076_0018},
    url = {https://doi.org/10.1142/9789811200076_0018},
    year = {2020},
    month = feb,
    publisher = {World Scientific},
    pages = {369--402},
    author = {Sami Al-Suwailem},
    title = {The Incompletability of Markets},
    booktitle = {Unravelling Complexity}
}

%%% HALPERN %%%

@article{halpern_game,
  author    = {Joseph Y. Halpern and
               Rafael Pass},
  title     = {Algorithmic Rationality: Game Theory with Costly Computation},
  journal   = {CoRR},
  volume    = {abs/1412.2993},
  year      = {2014},
  url       = {http://arxiv.org/abs/1412.2993},
  eprinttype = {arXiv},
  eprint    = {1412.2993}
}

@article{halpern_choice,
  author    = {Joseph Y. Halpern and
               Rafael Pass},
  title     = {I Don't Want to Think About it Now:Decision Theory With Costly Computation},
  journal   = {CoRR},
  volume    = {abs/1106.2657},
  year      = {2011},
  url       = {http://arxiv.org/abs/1106.2657},
  eprinttype = {arXiv},
  eprint    = {1106.2657},
}

@article{tennenholtz,
  doi = {10.1016/j.geb.2004.02.002},
  url = {https://doi.org/10.1016/j.geb.2004.02.002},
  year = {2004},
  month = nov,
  publisher = {Elsevier {BV}},
  volume = {49},
  number = {2},
  pages = {363--373},
  author = {Moshe Tennenholtz},
  title = {Program equilibrium},
  journal = {Games and Economic Behavior}
}

%%% ORTEGA & BRAUN %%%

@misc{thermo_info,
    doi = {10.48550/ARXIV.1512.06789},
    url = {https://arxiv.org/abs/1512.06789},
    author = {Ortega, Pedro A. and Braun, Daniel A. and Dyer, Justin and Kim, Kee-Eung and Tishby, Naftali},
    title = {Information-Theoretic Bounded Rationality},
    publisher = {arXiv},
    year = {2015},
}

@article{thermo_thermo,
    title={Thermodynamics as a theory of decision-making with information-processing costs},
    author={Ortega, Pedro A and Braun, Daniel A},
    journal={Proceedings of the Royal Society A: Mathematical, Physical and Engineering Sciences},
    volume={469},
    number={2153},
    pages={20120683},
    year={2013},
    publisher={The Royal Society Publishing},
    url = {https://arxiv.org/abs/1204.6481}
} % probably best to read

@article{thermo_main,
    author    = {Pedro A. Ortega and Daniel A. Braun},
    title     = {Information, Utility {\&} Bounded Rationality},
    journal   = {CoRR},
    volume    = {abs/1107.5766},
    year      = {2011},
    url       = {http://arxiv.org/abs/1107.5766},
    eprinttype = {arXiv},
    eprint    = {1107.5766},
} 

@article{thermo_markets_1,
    doi = {10.1016/j.physa.2020.125699},
    url = {https://doi.org/10.1016/j.physa.2020.125699},
    year = 2021,
    month = {apr},
    publisher = {Elsevier {BV}},
    volume = {567},
    pages = {125699},
    author = {Sergey Rashkovskiy},
    title = {Thermodynamics of markets},
    journal = {Physica A: Statistical Mechanics and its Applications}
}

@article{thermo_markets_2,
    doi = {10.1088/1742-5468/abe59b},
    url = {https://doi.org/10.1088/1742-5468/abe59b},
    year = 2021,
    month = {mar},
    publisher = {{IOP} Publishing},
    volume = {2021},
    number = {3},
    pages = {033407},
    author = {L{\'{e}}o Touzo and Matteo Marsili and Don Zagier},
    title = {Information thermodynamics of financial markets: the Glosten-Milgrom model},
    journal = {Journal of Statistical Mechanics: Theory and Experiment}
}

%%% DYNAMIC RATIONALITY %%%

@article{dynamic_rationality,
  doi = {10.1007/s11229-009-9559-z},
  url = {https://doi.org/10.1007/s11229-009-9559-z},
  year = {2009},
  month = may,
  publisher = {Springer Science and Business Media {LLC}},
  volume = {169},
  number = {2},
  pages = {301--333},
  author = {Alexandru Baltag and Sonja Smets and Jonathan Alexander Zvesper},
  title = {Keep `hoping' for rationality: a solution to the backward induction paradox},
  journal = {Synthese}
}

%%% BOUNDED OPTIMALITY %%%

@article{bounded_optimality_RS,
  author    = {Stuart J. Russell and Devika Subramanian},
  title     = {Provably Bounded-Optimal Agents},
  journal   = {CoRR},
  volume    = {cs.AI/9505103},
  year      = {1995},
  url       = {https://arxiv.org/abs/cs/9505103},
  timestamp = {Fri, 10 Jan 2020 12:59:18 +0100},
}

@article{bounded_optimality_LHS,
    volume = {6},
    pages = {279--311},
    doi = {10.1111/tops.12086},
    year = {2014},
    title = {Computational Rationality: Linking Mechanism and Behavior Through Bounded Utility Maximization},
    number = {2},
    journal = {Topics in Cognitive Science},
    author = {Richard L. Lewis and Andrew Howes and Satinder Singh}
}

@incollection{bounded_optimality_zilberstein,
    doi = {10.7551/mitpress/9780262014809.003.0003},
    url = {https://doi.org/10.7551/mitpress/9780262014809.003.0003},
    year = {2011},
    month = mar,
    publisher = {The {MIT} Press},
    pages = {27--40},
    author = {Shlomo Zilberstein},
    title = {Metareasoning and Bounded Rationality},
    booktitle = {Metareasoning}
}

@article{bounded_optimality_intelligence,
  title={Rationality and intelligence: A brief update},
  author={Russell, Stuart},
  journal={Fundamental issues of artificial intelligence},
  pages={7--28},
  year={2016},
  publisher={Springer}
}



%%% ---------------------------------------- %%%
%%%              REFERENCE BANK              %%%
%%% (not really worth reading,  but may  be  %%%
%%%  used as lampposts to lean on for claims %%%
%%%  or just worth keeping in case)          %%%
%%% ---------------------------------------- %%%

%%% QUANTAL HIERARCHY %%%

@article{quantal_hierarchy,
    author    = {Benjamin Patrick Evans and
               Mikhail Prokopenko},
    title     = {Bounded rationality for relaxing best response and mutual consistency:
               An information-theoretic model of partial self-reference},
    journal   = {CoRR},
    volume    = {abs/2106.15844},
    year      = {2021},
    url       = {https://arxiv.org/abs/2106.15844},
    eprinttype = {arXiv},
    eprint    = {2106.15844},
}

@article{quantal_inattention,
    author = {Caplin, Andrew and Dean, Mark and Leahy, John},
    title = "{Rational Inattention, Optimal Consideration Sets, and Stochastic Choice}",
    journal = {The Review of Economic Studies},
    volume = {86},
    number = {3},
    pages = {1061-1094},
    year = {2018},
    month = {07},
    issn = {0034-6527},
    doi = {10.1093/restud/rdy037},
    url = {https://doi.org/10.1093/restud/rdy037},
    eprint = {https://academic.oup.com/restud/article-pdf/86/3/1061/28529334/rdy037.pdf},
}

%%% MULTI-AGENT MINDS (mostly vague, psychological ideas) %%% 

 @misc{mas_mind_sotala, 
    title={Sequence introduction: non-agent and multiagent models of mind}, 
    url={https://www.lesswrong.com/s/ZbmRyDN8TCpBTZSip/p/M4w2rdYgCKctbADMn}, 
    journal={LessWrong}, 
    author={Sotala, Kaj}, 
    year={2019}, 
    month={Jan},
    note = {Accessed 2023-01-25}
} 

 @misc{mas_mind_koch, 
    title={Integrating three models of (human) cognition}, 
    url={https://www.alignmentforum.org/posts/6chtMKXpLcJ26t7n5/integrating-three-models-of-human-cognition}, 
    journal={AI alignment forum}, 
    author={Jack Koch}, 
    year={2021}, 
    month={Nov}
} 

 @misc{byrnes_2020, 
    title={My computational framework for the brain}, 
    url={https://www.alignmentforum.org/posts/diruo47z32eprenTg/my-computational-framework-for-the-brain}, 
    journal={AI alignment forum}, 
    author={Byrnes, Steve}, 
    year={2020}, 
    month={Sep}
} 

@book{mas_mind_minsky,
  title     = "Society of Mind",
  author    = "Minsky, Marvin L",
  publisher = "Simon \& Schuster",
  month     =  Feb,
  year      =  1987
}

@InProceedings{mas_embedded,
    author="Orseau, Laurent and Ring, Mark",
    editor="Bach, Joschaand Goertzel, Ben and Ikl{\'e}, Matthew",
    title="Space-Time Embedded Intelligence",
    booktitle="Artificial General Intelligence",
    year="2012",
    publisher="Springer Berlin Heidelberg",
    address="Berlin, Heidelberg",
    pages="209--218",
    isbn="978-3-642-35506-6"
}

@Inbook{mas_embedded_mystical,
    author="Polani, Daniel and Sporns, Olaf and Lungarella, Max",
    editor="Lungarella, Max
    and Iida, Fumiya
    and Bongard, Josh
    and Pfeifer, Rolf",
    title="How Information and Embodiment Shape Intelligent Information Processing",
    bookTitle="50 Years of Artificial Intelligence: Essays Dedicated to the 50th Anniversary of Artificial Intelligence",
    year="2007",
    publisher="Springer Berlin Heidelberg",
    address="Berlin, Heidelberg",
    pages="99--111",
    isbn="978-3-540-77296-5",
    doi="10.1007/978-3-540-77296-5_10",
    url="https://doi.org/10.1007/978-3-540-77296-5_10"
}

@InProceedings{mas_reflection_1,
    author="To{\v{z}}i{\v{c}}ka, Jan
    and P{\v{e}}chou{\v{c}}ek, Michal
    and Reh{\'a}k, Martin
    and Prokopov{\'a}, Magdalena",
    editor="Ma{\v{r}}{\'i}k, Vladim{\'i}r
    and Vyatkin, Valeriy
    and Colombo, Armando W.",
    title="Multi-agent Reflection in Autonomic Systems",
    booktitle="Holonic and Multi-Agent Systems for Manufacturing",
    year="2007",
    publisher="Springer Berlin Heidelberg",
    address="Berlin, Heidelberg",
    pages="27--36",
    isbn="978-3-540-74481-8"
}

@article{mas_reflection_2,
  doi = {10.1006/ijhc.1999.0249},
  url = {https://doi.org/10.1006/ijhc.1999.0249},
  year = {1999},
  month = may,
  publisher = {Elsevier {BV}},
  volume = {50},
  number = {5},
  pages = {407--431},
  author = {FRANCES M.T. BRAZIER and JAN TREUR},
  title = {Compositional modelling of reflective agents},
  journal = {International Journal of Human-Computer Studies}
} % http://ksi.cpsc.ucalgary.ca/KAW/KAW96/brazier/Brazier2.html

@misc{mas_category_spivak,
    author = {David Spivak},
    title = {Project Narrative: Categorical approach to agent interaction}, 
    howpublished = {https://math.mit.edu/~dspivak/informatics/grants/AFOSR--Proposal.pdf},
    year = {2012},
    month = {Dec},
    note = {Grant Proposal}
}

@article{mas_category_siam,
  doi = {10.31449/inf.v42i4.1282},
  url = {https://doi.org/10.31449/inf.v42i4.1282},
  year = {2018},
  month = apr,
  publisher = {Slovenian Association Informatika},
  volume = {42},
  number = {4},
  author = {Siam Abderrahim and Ramdane Maamri},
  title = {A Category-theoretic Approach to Organization-based Modeling of Multi Agent Systems on the Basis of Collective Phenomena and Organizations in Human Societies},
  journal = {Informatica}
} % probably rubbish, but maybe idea has potential

@article{mas_category_communication,
    author    = {Eric Werner},
    title     = {A Category Theory of Communication Theory},
    journal   = {CoRR},
    volume    = {abs/1505.07712},
    year      = {2015},
    url       = {http://arxiv.org/abs/1505.07712},
    eprinttype = {arXiv},
    eprint    = {1505.07712},
}

%%% OLD-SCHOOL BR, MISC APPROACHES AND REVIEWS THEREOF %%%

@book{oldreview_mill,
  title={Utilitarianism},
  author={John Stuart Mill},
  lccn={2020775896},
  url={https://books.google.co.uk/books?id=Ju4oAAAAYAAJ},
  year={1871},
  publisher={Longmans, Green, Reader, and Dyer},
  chapter = {2},
  pages = {33},
}


@book{oldreview_good,
    title={Probability and the Weighing of Evidence},
    author={Irving John Good},
    lccn={50013892},
    url={https://books.google.co.uk/books?id=k9g0AAAAMAAJ},
    year={1950},
    publisher={Charles Griffin}
}

@inbook{oldreview_simon,
    title = {Models of man: social and rational},
    author = {Herbert Simon},
    year = {1957},
    publisher = {John Wiley and Sons},
    address = {New York}
}

@incollection{oldreview_gigerenzer,
    doi = {10.1057/9781137442505_3},
    url = {https://doi.org/10.1057/9781137442505_3},
    year = {2016},
    publisher = {Palgrave Macmillan {UK}},
    pages = {34--59},
    author = {Gerd Gigerenzer},
    title = {Towards a Rational Theory of Heuristics},
    booktitle = {Minds,  Models and Milieux}
}

@BOOK{oldreview_heuristics,
    title     = "Bounded rationality: an adaptive toolbox",
    editor    = "Gigerenzer, Gerd and Selten, Reinhard",
    publisher = "MIT Press",
    series    = "Dahlem Workshop Reports",
    month     =  jul,
    year      =  2002,
    address   = "London, England"
}

@Inbook{oldreview_arrow,
    author={Arrow, Kenneth J.},
    title={Is bounded rationality unboundedly rational? Some ruminations.},
    series={Models of a man: Essays in memory of Herbert A. Simon.},
    year={2004},
    publisher={MIT Press},
    address={Cambridge,  MA,  US},
    pages={47-55},
    isbn={0-262-01208-1}
}

@article{oldreview_aumann,
    doi = {10.1006/game.1997.0585},
    url = {https://doi.org/10.1006/game.1997.0585},
    year = {1997},
    month = oct,
    publisher = {Elsevier {BV}},
    volume = {21},
    number = {1-2},
    pages = {2--14},
    author = {Robert J. Aumann},
    title = {Rationality and Bounded Rationality},
    journal = {Games and Economic Behavior}
}

@inproceedings{oldapproach_halpern,
    author = {Halpern, Joseph Y. and Pass, Rafael and Seeman, Lior},
    title = {I'm Doing as Well as I Can: Modeling People as Rational Finite Automata},
    year = {2012},
    publisher = {AAAI Press},
    booktitle = {Proceedings of the Twenty-Sixth AAAI Conference on Artificial Intelligence},
    pages = {1917‚Äì1923},
    numpages = {7},
    location = {Toronto, Ontario, Canada},
    series = {AAAI'12}
}

@ARTICLE{oldapproach_neyman,
    title = {Bounded complexity justifies cooperation in the finitely repeated prisoners' dilemma},
    author = {Neyman, Abraham},
    year = {1985},
    journal = {Economics Letters},
    volume = {19},
    number = {3},
    pages = {227-229},
    url = {https://EconPapers.repec.org/RePEc:eee:ecolet:v:19:y:1985:i:3:p:227-229}
}

@article{oldapproach_rubinstein,
    title = {Finite automata play the repeated prisoner's dilemma},
    journal = {Journal of Economic Theory},
    volume = {39},
    number = {1},
    pages = {83-96},
    year = {1986},
    issn = {0022-0531},
    doi = {https://doi.org/10.1016/0022-0531(86)90021-9},
    url = {https://www.sciencedirect.com/science/article/pii/0022053186900219},
    author = {Ariel Rubinstein},
}

@inproceedings{oldapproach_papadimitriou,
    author = {Papadimitriou, Christos H. and Yannakakis, Mihalis},
    title = {On Complexity as Bounded Rationality (Extended Abstract)},
    year = {1994},
    isbn = {0897916638},
    publisher = {Association for Computing Machinery},
    address = {New York, NY, USA},
    url = {https://doi.org/10.1145/195058.195445},
    doi = {10.1145/195058.195445},
    booktitle = {Proceedings of the Twenty-Sixth Annual ACM Symposium on Theory of Computing},
    pages = {726‚Äì733},
    numpages = {8},
    location = {Montreal, Quebec, Canada},
    series = {STOC '94}
}

@article{oldapproach_kalai,
    ISSN = {00129682, 14680262},
    URL = {http://www.jstor.org/stable/1911078},
    author = {Ehud Kalai and William Stanford},
    journal = {Econometrica},
    number = {2},
    pages = {397--410},
    publisher = {[Wiley, Econometric Society]},
    title = {Finite Rationality and Interpersonal Complexity in Repeated Games},
    urldate = {2022-08-25},
    volume = {56},
    year = {1988}
}

@phdthesis{oldapproach_chen,
    author = {Chen, P.},
    title = {On the Efficiency and Complexity of Computational and Economic Processes},
    year = {1990},
    publisher = {Northwestern University},
    address = {USA},
    note = {UMI Order No: GAX90-01786}
}

@article{oldapproach_norman,
  title     = "Computability, complexity and economics",
  author    = "Norman, Alfred Lorn",
  journal   = "Comput. Econ.",
  publisher = "Springer Science and Business Media LLC",
  volume    =  7,
  number    =  1,
  pages     = "1--21",
  month     =  feb,
  year      =  1994,
  language  = "en"
}

@article{oldapproach_elementary,
  doi = {10.3390/e21040375},
  url = {https://doi.org/10.3390/e21040375},
  year = {2019},
  month = apr,
  publisher = {{MDPI} {AG}},
  volume = {21},
  number = {4},
  pages = {375},
  author = {Sebastian Gottwald and Daniel Braun},
  title = {Bounded Rational Decision-Making from Elementary Computations That Reduce Uncertainty},
  journal = {Entropy}
}

%%% RATIONALIZATION %%%

@BOOK{rationalization_savage,
  title     = "The foundations of statistics",
  author    = "Savage, Leonard J",
  publisher = "Dover Publications",
  series    = "Dover Books on Mathematics",
  month     =  jun,
  year      =  1972,
  address   = "Mineola, NY"
}

@article{rationalization_savage2,
  doi = {10.1007/s11229-017-1594-6},
  url = {https://doi.org/10.1007/s11229-017-1594-6},
  year = {2017},
  month = nov,
  publisher = {Springer Science and Business Media {LLC}},
  volume = {195},
  number = {10},
  pages = {4205--4241},
  author = {Haim Gaifman and Yang Liu},
  title = {A simpler and more realistic subjective decision theory},
  journal = {Synthese}
}

@techreport{rationalization_inattention,
    title = "Behavioral Inattention",
    author = "Xavier Gabaix",
    institution = "National Bureau of Economic Research",
    type = "Working Paper",
    series = "Working Paper Series",
    number = "24096",
    year = "2017",
    month = dec,
    doi = {10.3386/w24096},
    URL = "http://www.nber.org/papers/w24096",
}

@techreport{rationalization_discounting,
  doi = {10.3386/w23254},
  url = {https://doi.org/10.3386/w23254},
  year = {2017},
  month = mar,
  publisher = {National Bureau of Economic Research},
  author = {Xavier Gabaix and David Laibson},
  title = {Myopia and Discounting}
}

@techreport{rationalization_recall,
    title = {Attention, Coordination, and Bounded Recall},
    author = {Pavan, Alessandro},
    year = {2014},
    institution = {Northwestern University, Center for Mathematical Studies in Economics and Management Science},
    url = {https://EconPapers.repec.org/RePEc:nwu:cmsems:1576}
}

@article{rationalization_inattention_2,
    title = {Implications of rational inattention},
    journal = {Journal of Monetary Economics},
    volume = {50},
    number = {3},
    pages = {665-690},
    year = {2003},
    issn = {0304-3932},
    doi = {https://doi.org/10.1016/S0304-3932(03)00029-1},
    url = {https://www.sciencedirect.com/science/article/pii/S0304393203000291},
    author = {Christopher A. Sims},
}

@BOOK{norationalization_friedman,
  title     = "Risky curves",
  author    = "Friedman, Daniel and Isaac, R Mark and James, Duncan and Sunder, Shyam",
  publisher = "Routledge",
  month     =  may,
  year      =  2017,
  address   = "London, England"
}

@article{norationalization_stewart,
  doi = {10.1287/mnsc.2013.1853},
  url = {https://doi.org/10.1287/mnsc.2013.1853},
  year = {2015},
  month = mar,
  publisher = {Institute for Operations Research and the Management Sciences ({INFORMS})},
  volume = {61},
  number = {3},
  pages = {687--705},
  author = {Neil Stewart and Stian Reimers and Adam J. L. Harris},
  title = {On the Origin of Utility,  Weighting,  and Discounting Functions: How They Get Their Shapes and How to Change Their Shapes},
  journal = {Management Science}
}

%%% EMH %%%

@TechReport{emh_nogo_1,
    author={Hunter K Monroe},
    title={{Can Markets Compute Equilibria?}},
    year=2009,
    month=Feb,
    institution={International Monetary Fund},
    type={IMF Working Papers},
    url={https://ideas.repec.org/p/imf/imfwpa/2009-024.html},
    number={2009/024},
}

@misc{emh_nogo_2,
  doi = {10.48550/ARXIV.1002.2284},
  url = {https://arxiv.org/abs/1002.2284},
  author = {Maymin, Philip},
  title = {Markets are efficient if and only if P = NP},
  publisher = {arXiv},
  year = {2010},
}

@article{emh_nogo_3,
 ISSN = {00129682, 14680262},
 URL = {http://www.jstor.org/stable/2938316},
 journal = {Econometrica},
 number = {6},
 pages = {1255--1277},
 publisher = {[Wiley, Econometric Society]},
 title = {Rationalizability, Learning, and Equilibrium in Games with Strategic Complementarities},
 author = {Paul Milgrom and John Roberts},
 urldate = {2022-07-12},
 volume = {58},
 year = {1990}
}


@article{emh_nogo_4,
    title = {The computation of approximate competitive equilibrium is PPAD-hard},
    journal = {Information Processing Letters},
    volume = {108},
    number = {6},
    pages = {369-373},
    year = {2008},
    issn = {0020-0190},
    doi = {https://doi.org/10.1016/j.ipl.2008.07.011},
    url = {https://www.sciencedirect.com/science/article/pii/S0020019008001968},
    author = {Xiaotie Deng and Ye Du},
}

@INPROCEEDINGS{emh_nogo_5,
    author={Chen, Xi and Dai, Decheng and Du, Ye and Teng, Shang-Hua},
    booktitle={2009 50th Annual IEEE Symposium on Foundations of Computer Science}, 
    title={Settling the Complexity of Arrow-Debreu Equilibria in Markets with Additively Separable Utilities}, 
    year={2009},
    volume={},
    number={},
    pages={273-282},
    doi={10.1109/FOCS.2009.29}
}
  
@article{emh_nogo_6,
    author = {Chen, Xi and Paparas, Dimitris and Yannakakis, Mihalis},
    title = {The Complexity of Non-Monotone Markets},
    year = {2017},
    issue_date = {June 2017},
    publisher = {Association for Computing Machinery},
    address = {New York, NY, USA},
    volume = {64},
    number = {3},
    issn = {0004-5411},
    url = {https://doi.org/10.1145/3064810},
    doi = {10.1145/3064810},
    journal = {J. ACM},
    month = {jun},
    articleno = {20},
    numpages = {56},
}

@InProceedings{emh_nogo_7,
    author="Chen, Xi
    and Teng, Shang-Hua",
    editor="Dong, Yingfei
    and Du, Ding-Zhu
    and Ibarra, Oscar",
    title="Spending Is Not Easier Than Trading: On the Computational Equivalence of Fisher and Arrow-Debreu Equilibria",
    booktitle="Algorithms and Computation",
    year="2009",
    publisher="Springer Berlin Heidelberg",
    address="Berlin, Heidelberg",
    pages="647-656",
    isbn="978-3-642-10631-6"
}

@inproceedings{emh_nogo_8,
    author = {Codenotti, Bruno and Saberi, Amin and Varadarajan, Kasturi and Ye, Yinyu},
    title = {Leontief Economies Encode Nonzero Sum Two-Player Games},
    year = {2006},
    isbn = {0898716055},
    publisher = {Society for Industrial and Applied Mathematics},
    address = {USA},
    booktitle = {Proceedings of the Seventeenth Annual ACM-SIAM Symposium on Discrete Algorithm},
    pages = {659‚Äì667},
    numpages = {9},
    location = {Miami, Florida},
    series = {SODA '06}
}

@article{emh_nogo_9,
    author = {Vazirani, Vijay V. and Yannakakis, Mihalis},
    title = {Market Equilibrium under Separable, Piecewise-Linear, Concave Utilities},
    year = {2011},
    issue_date = {May 2011},
    publisher = {Association for Computing Machinery},
    address = {New York, NY, USA},
    volume = {58},
    number = {3},
    issn = {0004-5411},
    url = {https://doi.org/10.1145/1970392.1970394},
    doi = {10.1145/1970392.1970394},
    journal = {J. ACM},
    month = {jun},
    articleno = {10},
    numpages = {25},
}

@article{emh_nogo_10,
    author = {Chen, Xi and Deng, Xiaotie and Teng, Shang-Hua},
    title = {Settling the Complexity of Computing Two-Player Nash Equilibria},
    year = {2009},
    issue_date = {May 2009},
    publisher = {Association for Computing Machinery},
    address = {New York, NY, USA},
    volume = {56},
    number = {3},
    issn = {0004-5411},
    url = {https://doi.org/10.1145/1516512.1516516},
    doi = {10.1145/1516512.1516516},
    journal = {J. ACM},
    month = {may},
    articleno = {14},
    numpages = {57},
}

@inproceedings{emh_nogo_11,
    author = {Daskalakis, Constantinos and Goldberg, Paul W. and Papadimitriou, Christos H.},
    title = {The Complexity of Computing a Nash Equilibrium},
    year = {2006},
    isbn = {1595931341},
    publisher = {Association for Computing Machinery},
    address = {New York, NY, USA},
    url = {https://doi.org/10.1145/1132516.1132527},
    doi = {10.1145/1132516.1132527},
    booktitle = {Proceedings of the Thirty-Eighth Annual ACM Symposium on Theory of Computing},
    pages = {71‚Äì78},
    numpages = {8},
    location = {Seattle, WA, USA},
    series = {STOC '06}
}

@article{emh_nogo_12,
    title = {The computation of approximate competitive equilibrium is PPAD-hard},
    journal = {Information Processing Letters},
    volume = {108},
    number = {6},
    pages = {369-373},
    year = {2008},
    issn = {0020-0190},
    doi = {https://doi.org/10.1016/j.ipl.2008.07.011},
    url = {https://www.sciencedirect.com/science/article/pii/S0020019008001968},
    author = {Xiaotie Deng and Ye Du},
}

@article{emh_nogo_13,
    author = {Christos H. Papadimitriou  and Mihalis Yannakakis },
    title = {An impossibility theorem for price-adjustment mechanisms},
    journal = {Proceedings of the National Academy of Sciences},
    volume = {107},
    number = {5},
    pages = {1854-1859},
    year = {2010},
    doi = {10.1073/pnas.0914728107},
    URL = {https://www.pnas.org/doi/abs/10.1073/pnas.0914728107},
    eprint = {https://www.pnas.org/doi/pdf/10.1073/pnas.0914728107},
}

@article{emh_yesgo_1,
  title     = "Dealing with the complexity of economic calculations",
  author    = "Rust, John P",
  journal   = "SSRN Electron. J.",
  publisher = "Elsevier BV",
  year      =  1997,
  language  = "en"
}

@article{emh_yesgo_2,
    author={Blume, Lawrence and Easley, David and Kleinberg, Jon and Kleinberg, Robert and Tardos, √âva},
    title={{Introduction to computer science and economic theory}},
    journal={Journal of Economic Theory},
    year=2015,
    volume={156},
    number={C},
    pages={1-13},
    month={},
    doi={10.1016/j.jet.2014.11.002},
    url={https://ideas.repec.org/a/eee/jetheo/v156y2015icp1-13.html}
}

@phdthesis{emh_1,
    author = {Chen, P.},
    title = {On the Efficiency and Complexity of Computational and Economic Processes},
    year = {1990},
    publisher = {Northwestern University},
    address = {USA},
    note = {UMI Order No: GAX90-01786}
}

@article{emh_2,
  title     = "Computability, complexity and economics",
  author    = "Norman, Alfred Lorn",
  journal   = "Comput. Econ.",
  publisher = "Springer Science and Business Media LLC",
  volume    =  7,
  number    =  1,
  pages     = "1--21",
  month     =  feb,
  year      =  1994,
  language  = "en"
}

@inproceedings{emh_3, % computational constraints have no relevance
    author = {Echenique, Federico and Golovin, Daniel and Wierman, Adam},
    title = {A Revealed Preference Approach to Computational Complexity in Economics},
    year = {2011},
    isbn = {9781450302616},
    publisher = {Association for Computing Machinery},
    address = {New York, NY, USA},
    url = {https://doi.org/10.1145/1993574.1993591},
    doi = {10.1145/1993574.1993591},
    booktitle = {Proceedings of the 12th ACM Conference on Electronic Commerce},
    pages = {101‚Äì110},
    numpages = {10},
    keywords = {revealed preference, rationalization, computational complexity, theory of the consumer},
    location = {San Jose, California, USA},
    series = {EC '11}
}